price,volume,time,timestamp,type,order_type,trade_id
88700.0,0.00582182,2025-11-24 19:20:57,1764012057.3034582,buy,limit,90531332
88700.0,0.00329167,2025-11-24 19:20:58,1764012058.6761446,buy,limit,90531333
88700.0,0.00109722,2025-11-24 19:20:59,1764012059.4048798,buy,limit,90531334
88700.0,0.00111909,2025-11-24 19:21:01,1764012061.7581642,buy,limit,90531335
88700.0,0.00021,2025-11-24 19:21:04,1764012064.6498568,buy,market,90531336
88699.9,0.0001,2025-11-24 19:21:07,1764012067.8551056,sell,limit,90531337
88699.9,0.03384404,2025-11-24 19:21:13,1764012073.0258203,sell,limit,90531338
88699.9,0.00519367,2025-11-24 19:21:13,1764012073.0260885,sell,limit,90531339
88699.9,7.609e-05,2025-11-24 19:21:13,1764012073.0260885,sell,limit,90531340
88699.9,0.00112739,2025-11-24 19:21:13,1764012073.0260885,sell,limit,90531341
88699.9,0.0001,2025-11-24 19:21:13,1764012073.0260885,sell,limit,90531342
88699.9,5.231e-05,2025-11-24 19:21:13,1764012073.0260885,sell,limit,90531343
88695.3,0.00085134,2025-11-24 19:21:13,1764012073.0260885,sell,limit,90531344
88687.2,0.00076,2025-11-24 19:21:13,1764012073.3913727,sell,limit,90531345
88685.9,0.00076,2025-11-24 19:21:13,1764012073.3913727,sell,limit,90531346
88684.6,0.00076,2025-11-24 19:21:13,1764012073.3913727,sell,limit,90531347
88683.3,0.00076,2025-11-24 19:21:13,1764012073.3913727,sell,limit,90531348
88682.0,0.00076,2025-11-24 19:21:13,1764012073.3913727,sell,limit,90531349
88680.7,0.00076,2025-11-24 19:21:13,1764012073.3913727,sell,limit,90531350
88679.4,0.00076,2025-11-24 19:21:13,1764012073.3913727,sell,limit,90531351
88678.1,0.00076,2025-11-24 19:21:13,1764012073.3913727,sell,limit,90531352
88676.8,0.00076,2025-11-24 19:21:13,1764012073.3913727,sell,limit,90531353
88675.5,0.00076,2025-11-24 19:21:13,1764012073.3913727,sell,limit,90531354
88674.3,0.00076,2025-11-24 19:21:13,1764012073.3913727,sell,limit,90531355
88673.0,0.00076,2025-11-24 19:21:13,1764012073.3913727,sell,limit,90531356
88671.7,0.00076,2025-11-24 19:21:13,1764012073.3913727,sell,limit,90531357
88670.4,0.00059201,2025-11-24 19:21:13,1764012073.3913727,sell,limit,90531358
88670.4,0.00016799,2025-11-24 19:21:14,1764012074.2580538,sell,market,90531359
88661.5,0.00076,2025-11-24 19:21:14,1764012074.2580538,sell,market,90531360
88660.2,0.00076,2025-11-24 19:21:14,1764012074.2580538,sell,market,90531361
88658.9,0.00076,2025-11-24 19:21:14,1764012074.2580538,sell,market,90531362
88657.7,0.00076,2025-11-24 19:21:14,1764012074.2580538,sell,market,90531363
88650.0,0.00095846,2025-11-24 19:21:14,1764012074.2580538,sell,market,90531364
88650.0,0.02077461,2025-11-24 19:21:14,1764012074.2580538,sell,market,90531365
88647.6,0.00076,2025-11-24 19:21:14,1764012074.2580538,sell,market,90531366
88646.3,0.00076,2025-11-24 19:21:14,1764012074.2580538,sell,market,90531367
88645.0,0.00076,2025-11-24 19:21:14,1764012074.2580538,sell,market,90531368
88643.8,0.00076,2025-11-24 19:21:14,1764012074.2580538,sell,market,90531369
88642.5,0.00076,2025-11-24 19:21:14,1764012074.2580538,sell,market,90531370
88641.3,0.00076,2025-11-24 19:21:14,1764012074.2580538,sell,market,90531371
88640.0,0.00076,2025-11-24 19:21:14,1764012074.2580538,sell,market,90531372
88638.8,0.00076,2025-11-24 19:21:14,1764012074.258054,sell,market,90531373
88637.5,0.00076,2025-11-24 19:21:14,1764012074.258054,sell,market,90531374
88636.3,0.00076,2025-11-24 19:21:14,1764012074.258054,sell,market,90531375
88635.0,0.00076,2025-11-24 19:21:14,1764012074.258054,sell,market,90531376
88634.6,0.05127451,2025-11-24 19:21:14,1764012074.258054,sell,market,90531377
88648.9,0.00115655,2025-11-24 19:21:21,1764012081.3321922,buy,limit,90531378
88650.0,0.00451404,2025-11-24 19:21:21,1764012081.3321922,buy,limit,90531379
88650.1,0.0008,2025-11-24 19:21:21,1764012081.3321922,buy,limit,90531380
88651.3,0.0008,2025-11-24 19:21:21,1764012081.3321922,buy,limit,90531381
88652.6,0.0008,2025-11-24 19:21:21,1764012081.3321922,buy,limit,90531382
88653.9,0.0008,2025-11-24 19:21:21,1764012081.3321922,buy,limit,90531383
88655.1,0.0008,2025-11-24 19:21:21,1764012081.3321922,buy,limit,90531384
88656.4,0.0008,2025-11-24 19:21:21,1764012081.3321922,buy,limit,90531385
88657.1,0.01261376,2025-11-24 19:21:21,1764012081.3321924,buy,limit,90531386
88652.8,0.01722631,2025-11-24 19:21:24,1764012084.604932,buy,limit,90531387
88652.8,0.01662901,2025-11-24 19:21:25,1764012085.1444952,buy,market,90531388
88652.8,0.45337099,2025-11-24 19:21:25,1764012085.1444952,buy,market,90531389
88652.8,0.00107255,2025-11-24 19:21:25,1764012085.4840612,buy,limit,90531390
88652.8,0.00021591,2025-11-24 19:21:27,1764012087.4988441,buy,limit,90531391
88652.8,3.334e-05,2025-11-24 19:21:29,1764012089.0683656,buy,limit,90531392
88652.7,0.00035454,2025-11-24 19:21:32,1764012092.5289228,sell,limit,90531393
88652.8,0.00658937,2025-11-24 19:21:34,1764012094.1238692,buy,limit,90531394
88652.8,0.00022118,2025-11-24 19:21:34,1764012094.1773646,buy,limit,90531395
88652.8,0.01127996,2025-11-24 19:21:34,1764012094.2130997,buy,market,90531396
88652.8,0.10992548,2025-11-24 19:21:34,1764012094.9990003,buy,limit,90531397
88652.8,0.00028199,2025-11-24 19:21:36,1764012096.0296922,buy,limit,90531398
88652.7,3.849e-05,2025-11-24 19:21:41,1764012101.4243417,sell,limit,90531399
88652.8,0.01693443,2025-11-24 19:21:42,1764012102.9299517,buy,market,90531400
88652.8,0.00109781,2025-11-24 19:21:50,1764012110.5196438,buy,limit,90531401
88652.8,0.0001667,2025-11-24 19:22:01,1764012121.270774,buy,limit,90531402
88652.8,0.00021,2025-11-24 19:22:04,1764012124.6340284,buy,market,90531403
88652.7,0.000147,2025-11-24 19:22:07,1764012127.4844499,sell,limit,90531404
88652.7,0.00045997,2025-11-24 19:22:09,1764012129.3874044,sell,market,90531405
88652.7,0.0001,2025-11-24 19:22:09,1764012129.3874047,sell,market,90531406
88648.8,0.00056749,2025-11-24 19:22:09,1764012129.3874047,sell,market,90531407
88648.9,0.00016589,2025-11-24 19:22:09,1764012129.628629,buy,limit,90531408
88648.9,0.0021884,2025-11-24 19:22:17,1764012137.3364275,buy,market,90531409
88648.9,0.00011561,2025-11-24 19:22:20,1764012140.9216118,buy,limit,90531410
88648.8,0.00019251,2025-11-24 19:22:21,1764012141.2661972,sell,limit,90531411
88648.8,0.00059536,2025-11-24 19:22:21,1764012141.2661972,sell,limit,90531412
88648.8,0.0001,2025-11-24 19:22:23,1764012143.114467,sell,limit,90531413
88648.8,0.00145028,2025-11-24 19:22:24,1764012144.9431498,sell,limit,90531414
88648.8,2.227e-05,2025-11-24 19:22:25,1764012145.2315717,sell,limit,90531415
88648.8,0.00034772,2025-11-24 19:22:25,1764012145.791024,sell,limit,90531416
88648.9,0.01097806,2025-11-24 19:22:26,1764012146.306464,buy,limit,90531417
88648.9,0.00441393,2025-11-24 19:22:27,1764012147.0301366,buy,market,90531418
88648.8,0.0001,2025-11-24 19:22:27,1764012147.1317742,sell,limit,90531419
88648.8,0.0001,2025-11-24 19:22:28,1764012148.1305282,sell,limit,90531420
88648.8,0.0001,2025-11-24 19:22:29,1764012149.1361468,sell,limit,90531421
88648.8,0.0001,2025-11-24 19:22:30,1764012150.1422062,sell,limit,90531422
88648.9,0.00109785,2025-11-24 19:22:34,1764012154.2986488,buy,limit,90531423
88648.8,0.00021,2025-11-24 19:22:34,1764012154.6401167,sell,market,90531424
88648.8,0.0001,2025-11-24 19:22:35,1764012155.1593409,sell,limit,90531425
88648.8,0.0001,2025-11-24 19:22:36,1764012156.1654198,sell,limit,90531426
88648.8,0.0001,2025-11-24 19:22:37,1764012157.1761475,sell,limit,90531427
88648.8,0.00813685,2025-11-24 19:22:37,1764012157.6536572,sell,limit,90531428
88648.8,0.0001,2025-11-24 19:22:37,1764012157.6536572,sell,limit,90531429
88647.6,0.00076,2025-11-24 19:22:37,1764012157.6536572,sell,limit,90531430
88646.3,0.00076,2025-11-24 19:22:37,1764012157.6536572,sell,limit,90531431
88645.0,0.00076,2025-11-24 19:22:37,1764012157.6536572,sell,limit,90531432
88643.8,0.00076,2025-11-24 19:22:37,1764012157.6536572,sell,limit,90531433
88633.9,6.588e-05,2025-11-24 19:22:39,1764012159.9227417,buy,limit,90531434
88633.8,0.00076,2025-11-24 19:22:40,1764012160.7900143,sell,market,90531435
88633.8,0.0001,2025-11-24 19:22:40,1764012160.7900143,sell,market,90531436
88632.5,0.00076,2025-11-24 19:22:40,1764012160.7900143,sell,market,90531437
88631.3,0.00076,2025-11-24 19:22:40,1764012160.7900143,sell,market,90531438
88628.6,0.00100415,2025-11-24 19:22:40,1764012160.7900143,sell,market,90531439
88628.7,0.00020559,2025-11-24 19:22:41,1764012161.4494293,buy,limit,90531440
88628.6,9.033e-05,2025-11-24 19:22:42,1764012162.480054,sell,limit,90531441
88628.7,0.29189441,2025-11-24 19:22:44,1764012164.8710825,buy,market,90531442
88628.7,0.1050885,2025-11-24 19:22:44,1764012164.8710825,buy,market,90531443
88628.6,0.00090623,2025-11-24 19:22:45,1764012165.4847493,sell,market,90531444
88628.6,0.0001,2025-11-24 19:22:45,1764012165.4847493,sell,market,90531445
88621.4,0.00076,2025-11-24 19:22:45,1764012165.4847493,sell,market,90531446
88620.2,0.00076,2025-11-24 19:22:45,1764012165.4847493,sell,market,90531447
88618.9,0.00076,2025-11-24 19:22:45,1764012165.4847493,sell,market,90531448
88617.7,0.00076,2025-11-24 19:22:45,1764012165.4847493,sell,market,90531449
88616.5,0.00076,2025-11-24 19:22:45,1764012165.4847493,sell,market,90531450
88615.3,0.00076,2025-11-24 19:22:45,1764012165.4847493,sell,market,90531451
88605.5,0.00076,2025-11-24 19:22:45,1764012165.4847493,sell,market,90531452
88604.3,0.00076,2025-11-24 19:22:45,1764012165.4847493,sell,market,90531453
88600.0,0.01128668,2025-11-24 19:22:45,1764012165.4847493,sell,market,90531454
88590.6,0.02570067,2025-11-24 19:22:45,1764012165.4847493,sell,market,90531455
88590.7,0.00285583,2025-11-24 19:22:45,1764012165.574634,buy,limit,90531456
88584.0,0.00021,2025-11-24 19:22:49,1764012169.7116008,sell,market,90531457
88584.1,0.00028079,2025-11-24 19:22:51,1764012171.1182458,buy,limit,90531458
88584.1,5.644e-05,2025-11-24 19:23:00,1764012180.7708857,buy,market,90531459
88584.1,0.0001016,2025-11-24 19:23:00,1764012180.8286726,buy,limit,90531460
88584.0,0.0001,2025-11-24 19:23:02,1764012182.847827,sell,market,90531461
88583.8,0.00076,2025-11-24 19:23:02,1764012182.847827,sell,market,90531462
88582.6,0.00076,2025-11-24 19:23:02,1764012182.847827,sell,market,90531463
88581.4,0.00076,2025-11-24 19:23:02,1764012182.847827,sell,market,90531464
88580.2,0.00076,2025-11-24 19:23:02,1764012182.847827,sell,market,90531465
88579.0,0.00076,2025-11-24 19:23:02,1764012182.847827,sell,market,90531466
88577.8,0.00076,2025-11-24 19:23:02,1764012182.847827,sell,market,90531467
88576.6,0.00076,2025-11-24 19:23:02,1764012182.847827,sell,market,90531468
88575.5,0.00076,2025-11-24 19:23:02,1764012182.847827,sell,market,90531469
88574.3,0.00076,2025-11-24 19:23:02,1764012182.8478272,sell,market,90531470
88573.1,0.00076,2025-11-24 19:23:02,1764012182.8478272,sell,market,90531471
88571.9,0.00076,2025-11-24 19:23:02,1764012182.8478272,sell,market,90531472
88570.7,0.00076,2025-11-24 19:23:02,1764012182.8478272,sell,market,90531473
88569.5,0.00076,2025-11-24 19:23:02,1764012182.8478272,sell,market,90531474
88557.8,0.01262196,2025-11-24 19:23:02,1764012182.8478272,sell,market,90531475
88570.3,0.00021,2025-11-24 19:23:04,1764012184.6618216,buy,market,90531476
88584.1,0.00026436,2025-11-24 19:23:12,1764012192.8576555,buy,market,90531477
88584.1,0.00165348,2025-11-24 19:23:12,1764012192.8576555,buy,market,90531478
88584.1,0.00010098,2025-11-24 19:23:19,1764012199.075509,buy,limit,90531479
88584.1,0.00089624,2025-11-24 19:23:21,1764012201.3727167,buy,limit,90531480
88584.0,1.495e-05,2025-11-24 19:23:26,1764012206.0984263,sell,limit,90531481
88584.0,0.0008,2025-11-24 19:23:27,1764012207.053292,sell,limit,90531482
88584.0,0.00024752,2025-11-24 19:23:27,1764012207.4153569,sell,limit,90531483
88584.1,0.05438801,2025-11-24 19:23:31,1764012211.3444133,buy,limit,90531484
88584.1,0.01344705,2025-11-24 19:23:31,1764012211.3444133,buy,limit,90531485
88584.1,0.00026436,2025-11-24 19:23:31,1764012211.3444133,buy,limit,90531486
88585.0,0.0008,2025-11-24 19:23:31,1764012211.3444133,buy,limit,90531487
88586.2,0.0008,2025-11-24 19:23:31,1764012211.3444133,buy,limit,90531488
88587.4,0.00030058,2025-11-24 19:23:31,1764012211.3444133,buy,limit,90531489
88587.3,0.00276862,2025-11-24 19:23:32,1764012212.7655306,sell,limit,90531490
88587.4,0.00049942,2025-11-24 19:23:34,1764012214.0577981,buy,limit,90531491
88588.6,5.246e-05,2025-11-24 19:23:34,1764012214.0577981,buy,limit,90531492
88588.6,0.00074754,2025-11-24 19:23:34,1764012214.2013385,buy,limit,90531493
88589.8,0.0008,2025-11-24 19:23:34,1764012214.2013385,buy,limit,90531494
88591.0,0.0008,2025-11-24 19:23:34,1764012214.2013385,buy,limit,90531495
88592.2,0.0008,2025-11-24 19:23:34,1764012214.2013385,buy,limit,90531496
88593.4,0.0008,2025-11-24 19:23:34,1764012214.2013385,buy,limit,90531497
88594.6,0.0008,2025-11-24 19:23:34,1764012214.2013385,buy,limit,90531498
88595.8,0.0008,2025-11-24 19:23:34,1764012214.2013385,buy,limit,90531499
88597.0,0.0008,2025-11-24 19:23:34,1764012214.2013385,buy,limit,90531500
88598.2,0.0008,2025-11-24 19:23:34,1764012214.2013385,buy,limit,90531501
88599.4,0.0008,2025-11-24 19:23:34,1764012214.2013385,buy,limit,90531502
88600.6,0.0008,2025-11-24 19:23:34,1764012214.2013385,buy,limit,90531503
88601.8,0.0008,2025-11-24 19:23:34,1764012214.2013385,buy,limit,90531504
88603.1,0.0008,2025-11-24 19:23:34,1764012214.2013385,buy,limit,90531505
88604.3,0.0008,2025-11-24 19:23:34,1764012214.2013388,buy,limit,90531506
88605.5,0.0008,2025-11-24 19:23:34,1764012214.2013388,buy,limit,90531507
88606.7,0.0008,2025-11-24 19:23:34,1764012214.2013388,buy,limit,90531508
88607.9,0.0008,2025-11-24 19:23:34,1764012214.2013388,buy,limit,90531509
88623.6,0.0426488,2025-11-24 19:23:34,1764012214.2013388,buy,limit,90531510
88625.2,0.00021117,2025-11-24 19:23:39,1764012219.050621,buy,limit,90531511
88625.1,0.001,2025-11-24 19:23:39,1764012219.063773,sell,limit,90531512
88625.1,0.0001,2025-11-24 19:23:39,1764012219.063773,sell,limit,90531513
88609.5,0.00268189,2025-11-24 19:23:39,1764012219.063773,sell,limit,90531514
88617.0,0.00056421,2025-11-24 19:23:43,1764012223.2493563,sell,market,90531515
88617.0,0.00056424,2025-11-24 19:23:43,1764012223.2493563,sell,market,90531516
88617.1,0.00156117,2025-11-24 19:23:51,1764012231.751542,buy,market,90531517
88617.1,0.00056422,2025-11-24 19:23:51,1764012231.751542,buy,market,90531518
88617.1,0.14504416,2025-11-24 19:23:51,1764012231.751542,buy,market,90531519
88617.1,0.00056422,2025-11-24 19:23:54,1764012234.9091449,buy,limit,90531520
88617.1,0.00404842,2025-11-24 19:23:54,1764012234.9091449,buy,limit,90531521
88617.0,1.386e-05,2025-11-24 19:23:55,1764012235.3945537,sell,limit,90531522
88617.0,0.00033998,2025-11-24 19:23:55,1764012235.8062925,sell,limit,90531523
88623.9,0.00168635,2025-11-24 19:23:56,1764012236.8459983,buy,market,90531524
88623.8,9e-05,2025-11-24 19:24:00,1764012240.3456018,sell,market,90531525
88623.8,1e-05,2025-11-24 19:24:08,1764012248.2499254,sell,limit,90531526
88623.8,0.001,2025-11-24 19:24:08,1764012248.2499254,sell,limit,90531527
88616.5,0.00076,2025-11-24 19:24:08,1764012248.2499254,sell,limit,90531528
88615.3,0.00076,2025-11-24 19:24:08,1764012248.2499254,sell,limit,90531529
88614.0,0.00076,2025-11-24 19:24:08,1764012248.2499254,sell,limit,90531530
88612.8,0.00076,2025-11-24 19:24:08,1764012248.2499254,sell,limit,90531531
88611.6,0.00076,2025-11-24 19:24:08,1764012248.2499254,sell,limit,90531532
88610.4,0.00076,2025-11-24 19:24:08,1764012248.2499254,sell,limit,90531533
88609.1,3.632e-05,2025-11-24 19:24:08,1764012248.2499254,sell,limit,90531534
88609.1,0.00072368,2025-11-24 19:24:08,1764012248.4535794,sell,limit,90531535
88607.9,0.00076,2025-11-24 19:24:08,1764012248.4535794,sell,limit,90531536
88606.7,0.00076,2025-11-24 19:24:08,1764012248.4535794,sell,limit,90531537
88605.5,0.00076,2025-11-24 19:24:08,1764012248.4535794,sell,limit,90531538
88604.3,0.00076,2025-11-24 19:24:08,1764012248.4535794,sell,limit,90531539
88603.1,0.00076,2025-11-24 19:24:08,1764012248.4535794,sell,limit,90531540
88601.8,0.00076,2025-11-24 19:24:08,1764012248.4535794,sell,limit,90531541
88600.6,0.00044616,2025-11-24 19:24:08,1764012248.4535794,sell,limit,90531542
88600.7,1.668e-05,2025-11-24 19:24:11,1764012251.0360527,buy,limit,90531543
88600.6,1.495e-05,2025-11-24 19:24:24,1764012264.2427843,sell,limit,90531544
88600.7,0.00305468,2025-11-24 19:24:29,1764012269.6375628,buy,market,90531545
88600.6,0.00029889,2025-11-24 19:24:30,1764012270.9917166,sell,market,90531546
88600.6,0.0001,2025-11-24 19:24:30,1764012270.9917166,sell,market,90531547
88600.6,0.00056432,2025-11-24 19:24:30,1764012270.9917166,sell,market,90531548
88600.6,0.00338429,2025-11-24 19:24:30,1764012270.9917166,sell,market,90531549
88600.6,0.01297519,2025-11-24 19:24:30,1764012270.9917166,sell,market,90531550
88599.4,0.00076,2025-11-24 19:24:30,1764012270.9917166,sell,market,90531551
88586.2,0.00076,2025-11-24 19:24:30,1764012270.9917166,sell,market,90531552
88585.7,0.07947427,2025-11-24 19:24:30,1764012270.9917166,sell,market,90531553
88585.3,0.00056442,2025-11-24 19:24:38,1764012278.066229,buy,limit,90531554
88585.3,0.001,2025-11-24 19:24:38,1764012278.066229,buy,limit,90531555
88585.3,0.02570363,2025-11-24 19:24:38,1764012278.066229,buy,limit,90531556
88585.2,0.00107255,2025-11-24 19:24:38,1764012278.9120224,sell,limit,90531557
88585.2,0.0001,2025-11-24 19:24:42,1764012282.5756664,sell,market,90531558
88585.2,0.00032977,2025-11-24 19:24:42,1764012282.5756664,sell,market,90531559
88585.2,1.148e-05,2025-11-24 19:24:43,1764012283.3797002,sell,limit,90531560
88585.3,0.00564428,2025-11-24 19:24:44,1764012284.680565,buy,market,90531561
88585.2,0.00065875,2025-11-24 19:24:49,1764012289.0104158,sell,limit,90531562
88585.2,0.0001,2025-11-24 19:24:49,1764012289.0104158,sell,limit,90531563
88585.2,0.00253574,2025-11-24 19:24:49,1764012289.0104158,sell,limit,90531564
88585.3,0.00112886,2025-11-24 19:24:52,1764012292.2803278,buy,market,90531565
88585.2,0.00037258,2025-11-24 19:24:56,1764012296.6789017,sell,market,90531566
88585.2,0.01809168,2025-11-24 19:24:57,1764012297.6039968,sell,market,90531567
88585.2,0.0001,2025-11-24 19:24:57,1764012297.6039968,sell,market,90531568
88585.0,0.00076,2025-11-24 19:24:57,1764012297.6039968,sell,market,90531569
88584.0,0.00014065,2025-11-24 19:24:57,1764012297.6039968,sell,market,90531570
88584.1,0.1265,2025-11-24 19:25:01,1764012301.552996,buy,market,90531571
88584.1,2.82217689,2025-11-24 19:25:01,1764012301.552996,buy,market,90531572
88584.1,0.07207739,2025-11-24 19:25:01,1764012301.552996,buy,market,90531573
88584.1,0.00666055,2025-11-24 19:25:01,1764012301.552996,buy,market,90531574
88584.1,0.00056443,2025-11-24 19:25:01,1764012301.552996,buy,market,90531575
88584.1,0.001,2025-11-24 19:25:01,1764012301.552996,buy,market,90531576
88584.1,0.0334698,2025-11-24 19:25:01,1764012301.552996,buy,market,90531577
88585.1,2.82214761,2025-11-24 19:25:01,1764012301.552996,buy,market,90531578
88585.3,2.82213866,2025-11-24 19:25:01,1764012301.552996,buy,market,90531579
88586.7,0.002,2025-11-24 19:25:01,1764012301.552996,buy,market,90531580
88586.8,5.64418374,2025-11-24 19:25:01,1764012301.552996,buy,market,90531581
88587.2,1.27015438,2025-11-24 19:25:01,1764012301.552996,buy,market,90531582
88587.3,5.64415597,2025-11-24 19:25:01,1764012301.5529962,buy,market,90531583
88590.2,0.01846426,2025-11-24 19:25:01,1764012301.5529962,buy,market,90531584
88591.6,5.64387911,2025-11-24 19:25:01,1764012301.5529962,buy,market,90531585
88594.2,0.135,2025-11-24 19:25:01,1764012301.5529962,buy,market,90531586
88594.6,0.0008,2025-11-24 19:25:01,1764012301.5529962,buy,market,90531587
88595.6,4.17730073,2025-11-24 19:25:01,1764012301.5529962,buy,market,90531588
88584.1,0.00111217,2025-11-24 19:25:01,1764012301.63644,buy,limit,90531589
88584.0,1.683e-05,2025-11-24 19:25:05,1764012305.7910595,sell,limit,90531590
88584.1,0.00042346,2025-11-24 19:25:05,1764012305.9442449,buy,market,90531591
88584.1,0.00069259,2025-11-24 19:25:07,1764012307.092687,buy,limit,90531592
88584.1,0.00564428,2025-11-24 19:25:10,1764012310.6281896,buy,limit,90531593
88584.1,0.01,2025-11-24 19:25:18,1764012318.236326,buy,market,90531594
88584.1,0.00055303,2025-11-24 19:25:18,1764012318.6288342,buy,limit,90531595
88584.0,6.829e-05,2025-11-24 19:25:19,1764012319.928829,sell,market,90531596
88584.0,0.0001,2025-11-24 19:25:19,1764012319.928829,sell,market,90531597
88584.0,0.001,2025-11-24 19:25:19,1764012319.9288292,sell,market,90531598
88575.5,0.00076,2025-11-24 19:25:19,1764012319.9288292,sell,market,90531599
88575.5,0.05102021,2025-11-24 19:25:19,1764012319.9288292,sell,market,90531600
88575.0,0.00225797,2025-11-24 19:25:19,1764012319.9288292,sell,market,90531601
88571.9,0.00076,2025-11-24 19:25:19,1764012319.9288292,sell,market,90531602
88561.3,0.00076,2025-11-24 19:25:19,1764012319.9288292,sell,market,90531603
88555.0,0.14327353,2025-11-24 19:25:19,1764012319.9288292,sell,market,90531604
88556.7,0.00056461,2025-11-24 19:25:19,1764012319.98744,sell,limit,90531605
88556.7,0.00102501,2025-11-24 19:25:25,1764012325.4564955,sell,market,90531606
88556.8,0.0005646,2025-11-24 19:25:31,1764012331.074928,buy,limit,90531607
88556.8,0.0003846,2025-11-24 19:25:31,1764012331.074928,buy,limit,90531608
88556.8,0.00019405,2025-11-24 19:25:31,1764012331.124729,buy,limit,90531609
88556.7,0.0048538,2025-11-24 19:25:32,1764012332.9404564,sell,market,90531610
88556.7,0.00463811,2025-11-24 19:25:32,1764012332.9404564,sell,market,90531611
88556.8,0.00042135,2025-11-24 19:25:38,1764012338.0135653,buy,limit,90531612
88556.8,0.0005646,2025-11-24 19:25:38,1764012338.0135653,buy,limit,90531613
88556.8,0.0001343,2025-11-24 19:25:38,1764012338.0135653,buy,limit,90531614
88556.7,1.266e-05,2025-11-24 19:25:39,1764012339.1811564,sell,limit,90531615
88556.8,0.00111187,2025-11-24 19:25:44,1764012344.533167,buy,limit,90531616
88556.7,0.0001,2025-11-24 19:26:06,1764012366.8023047,sell,market,90531617
88556.7,6.214e-05,2025-11-24 19:26:06,1764012366.8023047,sell,market,90531618
88556.7,0.0113224,2025-11-24 19:26:06,1764012366.808746,sell,limit,90531619
88556.8,0.00018129,2025-11-24 19:26:07,1764012367.0715528,buy,limit,90531620
88556.7,0.02294159,2025-11-24 19:26:07,1764012367.2821484,sell,limit,90531621
88556.8,4.396e-05,2025-11-24 19:26:08,1764012368.402163,buy,limit,90531622
88556.8,0.02352858,2025-11-24 19:26:10,1764012370.13286,buy,limit,90531623
88556.8,0.0005646,2025-11-24 19:26:10,1764012370.13286,buy,limit,90531624
88556.8,0.04492651,2025-11-24 19:26:10,1764012370.13286,buy,limit,90531625
88556.8,0.01109419,2025-11-24 19:26:10,1764012370.13286,buy,limit,90531626
88556.8,0.03389828,2025-11-24 19:26:10,1764012370.1328602,buy,limit,90531627
88556.8,0.135,2025-11-24 19:26:10,1764012370.1328602,buy,limit,90531628
88556.8,0.4,2025-11-24 19:26:10,1764012370.1328602,buy,limit,90531629
88556.8,0.03381001,2025-11-24 19:26:10,1764012370.1328602,buy,limit,90531630
88556.8,0.02876163,2025-11-24 19:26:10,1764012370.1328602,buy,limit,90531631
88556.8,0.00108508,2025-11-24 19:26:10,1764012370.1328602,buy,limit,90531632
88556.8,0.003,2025-11-24 19:26:10,1764012370.1328602,buy,limit,90531633
88556.8,0.05127451,2025-11-24 19:26:10,1764012370.1328602,buy,limit,90531634
88556.8,0.1254,2025-11-24 19:26:10,1764012370.1328602,buy,limit,90531635
88556.8,1.27080405,2025-11-24 19:26:10,1764012370.1328602,buy,limit,90531636
88556.9,0.04019939,2025-11-24 19:26:10,1764012370.1328602,buy,limit,90531637
88556.8,0.03586749,2025-11-24 19:26:13,1764012373.2879026,buy,market,90531638
88556.7,0.00039039,2025-11-24 19:26:19,1764012379.8361971,sell,limit,90531639
88556.8,0.0005646,2025-11-24 19:26:20,1764012380.2759533,buy,market,90531640
88556.9,0.0163172,2025-11-24 19:26:20,1764012380.2759533,buy,market,90531641
88556.9,0.0001099,2025-11-24 19:26:20,1764012380.4524105,buy,limit,90531642
88556.9,0.00016688,2025-11-24 19:26:27,1764012387.036067,buy,limit,90531643
88556.9,3.781e-05,2025-11-24 19:26:27,1764012387.4290557,buy,limit,90531644
88556.8,0.001,2025-11-24 19:26:29,1764012389.5047636,sell,market,90531645
88556.8,0.0001,2025-11-24 19:26:29,1764012389.5047638,sell,market,90531646
88556.7,0.00245696,2025-11-24 19:26:29,1764012389.5047638,sell,market,90531647
88556.7,0.00040487,2025-11-24 19:26:29,1764012389.5047638,sell,market,90531648
88556.8,0.001,2025-11-24 19:26:34,1764012394.4217424,buy,limit,90531649
88556.9,0.0039654,2025-11-24 19:26:34,1764012394.4217424,buy,limit,90531650
88556.9,9.334e-05,2025-11-24 19:26:34,1764012394.510396,buy,limit,90531651
88556.9,0.01129217,2025-11-24 19:26:39,1764012399.368911,buy,market,90531652
88556.8,0.001,2025-11-24 19:26:41,1764012401.3840415,sell,market,90531653
88556.8,0.0001,2025-11-24 19:26:41,1764012401.3840415,sell,market,90531654
88556.7,0.0005019,2025-11-24 19:26:41,1764012401.3840415,sell,market,90531655
88556.8,0.0022,2025-11-24 19:26:42,1764012402.594894,buy,market,90531656
88556.8,0.01474967,2025-11-24 19:26:42,1764012402.594894,buy,market,90531657
88556.8,0.00220468,2025-11-24 19:26:44,1764012404.7496114,buy,limit,90531658
88556.8,0.00022472,2025-11-24 19:26:47,1764012407.56704,buy,limit,90531659
88556.8,0.00010298,2025-11-24 19:26:48,1764012408.9581776,buy,limit,90531660
88556.8,0.0005495,2025-11-24 19:26:51,1764012411.0063663,buy,limit,90531661
88556.7,0.000359,2025-11-24 19:26:54,1764012414.8491461,sell,limit,90531662
88556.8,0.001,2025-11-24 19:26:57,1764012417.9254885,buy,market,90531663
88556.8,0.00205619,2025-11-24 19:26:57,1764012417.9254885,buy,market,90531664
88556.8,0.00083235,2025-11-24 19:27:05,1764012425.207598,buy,limit,90531665
88556.8,0.0001099,2025-11-24 19:27:06,1764012426.0318513,buy,limit,90531666
88556.8,0.00023453,2025-11-24 19:27:11,1764012431.2428727,buy,market,90531667
88556.7,0.00459358,2025-11-24 19:27:13,1764012433.7314508,sell,market,90531668
88556.7,0.00195,2025-11-24 19:27:16,1764012436.8314934,sell,market,90531669
88556.8,0.01098996,2025-11-24 19:27:18,1764012438.8354564,buy,limit,90531670
88556.8,0.00056461,2025-11-24 19:27:23,1764012443.0267532,buy,market,90531671
88556.7,0.00088158,2025-11-24 19:27:26,1764012446.2263107,sell,limit,90531672
88556.8,0.01358324,2025-11-24 19:27:26,1764012446.730763,buy,limit,90531673
88556.8,0.002,2025-11-24 19:27:26,1764012446.730763,buy,limit,90531674
88556.8,0.00153781,2025-11-24 19:27:26,1764012446.730763,buy,limit,90531675
88556.8,0.00111187,2025-11-24 19:27:27,1764012447.5332224,buy,limit,90531676
88556.8,1.118e-05,2025-11-24 19:27:28,1764012448.046324,buy,limit,90531677
88556.7,0.06705759,2025-11-24 19:27:28,1764012448.1608412,sell,limit,90531678
88556.7,0.00564611,2025-11-24 19:27:28,1764012448.1608412,sell,limit,90531679
88556.7,0.0001,2025-11-24 19:27:28,1764012448.1608412,sell,limit,90531680
88556.7,0.001,2025-11-24 19:27:28,1764012448.1608412,sell,limit,90531681
88556.7,0.0451688,2025-11-24 19:27:28,1764012448.1608412,sell,limit,90531682
88556.2,0.000761,2025-11-24 19:27:28,1764012448.1608412,sell,limit,90531683
88556.0,0.01136364,2025-11-24 19:27:28,1764012448.1608412,sell,limit,90531684
88555.0,0.76542809,2025-11-24 19:27:28,1764012448.1608412,sell,limit,90531685
88555.0,0.87765973,2025-11-24 19:27:28,1764012448.1734025,sell,limit,90531686
88555.0,0.10770001,2025-11-24 19:27:29,1764012449.733578,sell,limit,90531687
88555.0,0.000761,2025-11-24 19:27:29,1764012449.733578,sell,limit,90531688
88553.9,0.000761,2025-11-24 19:27:29,1764012449.733578,sell,limit,90531689
88552.7,0.000761,2025-11-24 19:27:29,1764012449.733578,sell,limit,90531690
88551.5,0.000761,2025-11-24 19:27:29,1764012449.733578,sell,limit,90531691
88550.4,0.000761,2025-11-24 19:27:29,1764012449.733578,sell,limit,90531692
88550.0,0.0121232,2025-11-24 19:27:29,1764012449.7335782,sell,limit,90531693
88549.2,0.000761,2025-11-24 19:27:29,1764012449.7335782,sell,limit,90531694
88548.1,0.000761,2025-11-24 19:27:29,1764012449.7335782,sell,limit,90531695
88546.9,0.000761,2025-11-24 19:27:29,1764012449.7335782,sell,limit,90531696
88545.7,0.000761,2025-11-24 19:27:29,1764012449.7335782,sell,limit,90531697
88545.1,1.177e-05,2025-11-24 19:27:31,1764012451.9869468,buy,limit,90531698
88545.1,7.639e-05,2025-11-24 19:27:34,1764012454.7094038,buy,limit,90531699
88545.1,0.00081563,2025-11-24 19:27:35,1764012455.7509978,buy,limit,90531700
88545.1,0.00476667,2025-11-24 19:27:38,1764012458.631925,buy,limit,90531701
88545.1,0.00016941,2025-11-24 19:27:38,1764012458.6821287,buy,market,90531702
88545.1,3.06e-05,2025-11-24 19:27:45,1764012465.045222,buy,limit,90531703
88545.0,0.00265385,2025-11-24 19:27:49,1764012469.4108646,sell,limit,90531704
88545.0,0.0001,2025-11-24 19:27:49,1764012469.4108646,sell,limit,90531705
88545.0,0.00906375,2025-11-24 19:27:49,1764012469.4108646,sell,limit,90531706
88544.6,0.0001067,2025-11-24 19:27:49,1764012469.4108646,sell,limit,90531707
88544.7,0.00021983,2025-11-24 19:27:50,1764012470.427096,buy,limit,90531708
88544.7,0.00211702,2025-11-24 19:27:55,1764012475.3864632,buy,limit,90531709
88544.7,0.00060523,2025-11-24 19:27:56,1764012476.5613523,buy,market,90531710
88544.6,0.0006543,2025-11-24 19:27:56,1764012476.878981,sell,market,90531711
88544.6,0.0001,2025-11-24 19:27:56,1764012476.878981,sell,market,90531712
88543.4,0.000761,2025-11-24 19:27:56,1764012476.878981,sell,market,90531713
88542.3,0.000761,2025-11-24 19:27:56,1764012476.878981,sell,market,90531714
88541.1,0.000761,2025-11-24 19:27:56,1764012476.878981,sell,market,90531715
88540.0,0.000761,2025-11-24 19:27:56,1764012476.878981,sell,market,90531716
88538.8,0.000761,2025-11-24 19:27:56,1764012476.878981,sell,market,90531717
88537.7,0.000761,2025-11-24 19:27:56,1764012476.8789814,sell,market,90531718
88536.5,0.00076,2025-11-24 19:27:56,1764012476.8789814,sell,market,90531719
88536.5,0.000761,2025-11-24 19:27:56,1764012476.8789814,sell,market,90531720
88535.4,0.000761,2025-11-24 19:27:56,1764012476.8789814,sell,market,90531721
88534.2,0.000761,2025-11-24 19:27:56,1764012476.8789814,sell,market,90531722
88525.1,0.000761,2025-11-24 19:27:56,1764012476.8789814,sell,market,90531723
88524.0,0.000761,2025-11-24 19:27:56,1764012476.8789814,sell,market,90531724
88522.8,0.000761,2025-11-24 19:27:56,1764012476.8789814,sell,market,90531725
88509.5,0.000636,2025-11-24 19:27:56,1764012476.8789814,sell,market,90531726
88505.1,0.02221995,2025-11-24 19:27:56,1764012476.8789814,sell,market,90531727
88505.1,0.00073003,2025-11-24 19:27:56,1764012476.8789814,sell,market,90531728
88505.1,0.00104988,2025-11-24 19:27:56,1764012476.8789814,sell,market,90531729
88505.1,0.04197609,2025-11-24 19:27:56,1764012476.8799548,sell,market,90531730
88501.9,0.08143482,2025-11-24 19:27:56,1764012476.8799548,sell,market,90531731
88504.8,0.00109914,2025-11-24 19:27:57,1764012477.013468,buy,limit,90531732
88504.8,0.11864249,2025-11-24 19:28:00,1764012480.0360713,buy,market,90531733
88504.8,0.001,2025-11-24 19:28:01,1764012481.6027937,buy,market,90531734
88507.0,0.00148603,2025-11-24 19:28:01,1764012481.6027937,buy,market,90531735
88521.1,0.03856307,2025-11-24 19:28:13,1764012493.2314377,buy,market,90531736
88521.1,0.01695494,2025-11-24 19:28:13,1764012493.231438,buy,market,90531737
88521.6,0.05744908,2025-11-24 19:28:13,1764012493.231438,buy,market,90531738
88521.0,4.892e-05,2025-11-24 19:28:19,1764012499.3946095,sell,limit,90531739
88521.0,3.448e-05,2025-11-24 19:28:22,1764012502.0525665,sell,limit,90531740
88521.1,0.00573538,2025-11-24 19:28:24,1764012504.3454573,buy,limit,90531741
88521.1,0.01186846,2025-11-24 19:28:24,1764012504.3454573,buy,limit,90531742
88528.5,0.0008,2025-11-24 19:28:24,1764012504.3454573,buy,limit,90531743
88528.8,0.09289368,2025-11-24 19:28:24,1764012504.3454573,buy,limit,90531744
88524.1,0.02259271,2025-11-24 19:28:24,1764012504.4166396,sell,market,90531745
88522.7,0.00048142,2025-11-24 19:28:24,1764012504.4166396,sell,market,90531746
88522.7,0.00330414,2025-11-24 19:28:24,1764012504.4166396,sell,market,90531747
88521.0,0.001,2025-11-24 19:28:24,1764012504.4166396,sell,market,90531748
88521.0,0.0001,2025-11-24 19:28:24,1764012504.4166396,sell,market,90531749
88521.0,0.00515178,2025-11-24 19:28:24,1764012504.4166398,sell,market,90531750
88521.7,0.00042362,2025-11-24 19:28:28,1764012508.5891385,buy,market,90531751
88521.7,0.00014121,2025-11-24 19:28:29,1764012509.233166,buy,limit,90531752
88521.7,0.001,2025-11-24 19:28:29,1764012509.233166,buy,limit,90531753
88525.7,0.00985319,2025-11-24 19:28:29,1764012509.233166,buy,limit,90531754
88525.6,0.00010731,2025-11-24 19:28:32,1764012512.366822,sell,market,90531755
88525.7,0.00010302,2025-11-24 19:28:34,1764012514.4088604,buy,limit,90531756
88525.6,0.00283113,2025-11-24 19:28:37,1764012517.2049115,sell,market,90531757
88525.7,0.00046178,2025-11-24 19:28:37,1764012517.7986102,buy,limit,90531758
88536.1,0.0017371,2025-11-24 19:28:37,1764012517.7986102,buy,limit,90531759
88536.0,0.00578118,2025-11-24 19:28:39,1764012519.4752579,sell,limit,90531760
88536.1,0.00056474,2025-11-24 19:28:41,1764012521.3465674,buy,market,90531761
88537.7,0.0008,2025-11-24 19:28:41,1764012521.3465674,buy,market,90531762
88538.8,0.0008,2025-11-24 19:28:41,1764012521.3465676,buy,market,90531763
88539.5,0.00765685,2025-11-24 19:28:41,1764012521.3465676,buy,market,90531764
88539.4,5.352e-05,2025-11-24 19:28:45,1764012525.8068721,sell,limit,90531765
88539.5,0.00056472,2025-11-24 19:28:47,1764012527.2909615,buy,limit,90531766
88540.0,0.0008,2025-11-24 19:28:47,1764012527.2909615,buy,limit,90531767
88540.4,0.00611909,2025-11-24 19:28:47,1764012527.2909615,buy,limit,90531768
88541.1,0.0008,2025-11-24 19:28:47,1764012527.2909615,buy,limit,90531769
88542.3,0.0008,2025-11-24 19:28:47,1764012527.2909615,buy,limit,90531770
88543.4,0.0008,2025-11-24 19:28:47,1764012527.2909615,buy,limit,90531771
88545.0,0.001,2025-11-24 19:28:47,1764012527.2909615,buy,limit,90531772
88547.8,0.0336384,2025-11-24 19:28:47,1764012527.761552,sell,market,90531773
88547.9,0.00022255,2025-11-24 19:28:48,1764012528.6531546,buy,limit,90531774
88547.9,0.00034211,2025-11-24 19:28:50,1764012530.0669525,buy,limit,90531775
88547.9,0.00630217,2025-11-24 19:28:50,1764012530.0669525,buy,limit,90531776
88548.1,0.001,2025-11-24 19:28:50,1764012530.146134,sell,market,90531777
88548.2,1.094e-05,2025-11-24 19:28:58,1764012538.2343402,buy,limit,90531778
88548.1,0.0027614,2025-11-24 19:28:58,1764012538.8034532,sell,market,90531779
88548.1,6.54e-05,2025-11-24 19:29:08,1764012548.0346162,sell,limit,90531780
88548.1,0.00042703,2025-11-24 19:29:08,1764012548.407521,sell,limit,90531781
88548.2,0.00011072,2025-11-24 19:29:09,1764012549.042297,buy,limit,90531782
88548.1,0.01453461,2025-11-24 19:29:11,1764012551.7110324,sell,limit,90531783
88548.1,0.094,2025-11-24 19:29:12,1764012552.7634304,sell,limit,90531784
88548.2,0.00045394,2025-11-24 19:29:14,1764012554.1567428,buy,limit,90531785
88548.2,0.00641727,2025-11-24 19:29:14,1764012554.1567428,buy,limit,90531786
88555.1,0.716335,2025-11-24 19:29:14,1764012554.1567428,buy,limit,90531787
88555.1,0.02225104,2025-11-24 19:29:19,1764012559.071955,buy,limit,90531788
88555.1,0.00042617,2025-11-24 19:29:19,1764012559.6925893,buy,limit,90531789
88555.0,0.0001,2025-11-24 19:29:23,1764012563.9451451,sell,limit,90531790
88555.0,0.00012895,2025-11-24 19:29:23,1764012563.9451451,sell,limit,90531791
88555.1,0.00135519,2025-11-24 19:29:30,1764012570.3132484,buy,limit,90531792
88555.0,0.00087105,2025-11-24 19:29:34,1764012574.0250793,sell,market,90531793
88555.0,0.57680131,2025-11-24 19:29:34,1764012574.0250793,sell,market,90531794
88555.1,0.00053131,2025-11-24 19:29:35,1764012575.815503,buy,limit,90531795
88555.0,2.871e-05,2025-11-24 19:29:39,1764012579.4629319,sell,limit,90531796
88555.0,0.001674,2025-11-24 19:29:41,1764012581.4927194,sell,market,90531797
88555.1,0.001,2025-11-24 19:29:45,1764012585.657721,buy,limit,90531798
88556.8,0.02476417,2025-11-24 19:29:48,1764012588.797041,buy,limit,90531799
88556.8,0.01129218,2025-11-24 19:29:48,1764012588.797041,buy,limit,90531800
88557.4,0.0008,2025-11-24 19:29:48,1764012588.809987,buy,limit,90531801
88558.5,0.0008,2025-11-24 19:29:48,1764012588.809987,buy,limit,90531802
88559.7,0.0008,2025-11-24 19:29:48,1764012588.809987,buy,limit,90531803
88560.9,0.0008,2025-11-24 19:29:48,1764012588.809987,buy,limit,90531804
88562.1,0.0008,2025-11-24 19:29:48,1764012588.809987,buy,limit,90531805
88563.2,0.0008,2025-11-24 19:29:48,1764012588.8099873,buy,limit,90531806
88564.4,0.0008,2025-11-24 19:29:48,1764012588.8099873,buy,limit,90531807
88565.6,0.0008,2025-11-24 19:29:48,1764012588.8099873,buy,limit,90531808
88566.8,0.0008,2025-11-24 19:29:48,1764012588.8238451,buy,limit,90531809
88568.0,0.0008,2025-11-24 19:29:48,1764012588.8238451,buy,limit,90531810
88569.1,0.0008,2025-11-24 19:29:48,1764012588.8238451,buy,limit,90531811
88570.3,0.0008,2025-11-24 19:29:49,1764012589.069273,buy,limit,90531812
88571.5,0.0008,2025-11-24 19:29:49,1764012589.2551386,buy,limit,90531813
88572.7,0.0008,2025-11-24 19:29:49,1764012589.2551386,buy,limit,90531814
88573.9,0.00027528,2025-11-24 19:29:49,1764012589.2551386,buy,limit,90531815
88573.8,0.00115547,2025-11-24 19:29:50,1764012590.4328651,sell,limit,90531816
88573.9,0.00052472,2025-11-24 19:29:50,1764012590.9743903,buy,market,90531817
88575.1,6.444e-05,2025-11-24 19:29:50,1764012590.9743903,buy,market,90531818
88575.1,0.00073556,2025-11-24 19:29:51,1764012591.1658118,buy,limit,90531819
88576.3,0.0008,2025-11-24 19:29:51,1764012591.1658118,buy,limit,90531820
88577.4,0.0008,2025-11-24 19:29:51,1764012591.1658118,buy,limit,90531821
88578.6,0.0008,2025-11-24 19:29:51,1764012591.1658118,buy,limit,90531822
88579.8,0.0008,2025-11-24 19:29:51,1764012591.165812,buy,limit,90531823
88584.1,0.00034965,2025-11-24 19:29:51,1764012591.165812,buy,limit,90531824
88587.9,0.00126378,2025-11-24 19:29:51,1764012591.165812,buy,limit,90531825
88587.9,9.558e-05,2025-11-24 19:29:53,1764012593.4972327,buy,limit,90531826
88587.9,0.0166821,2025-11-24 19:29:56,1764012596.216496,buy,limit,90531827
88587.9,0.00047131,2025-11-24 19:29:59,1764012599.669766,buy,limit,90531828
88587.9,0.00055607,2025-11-24 19:30:00,1764012600.048792,buy,limit,90531829
88587.9,0.09362624,2025-11-24 19:30:03,1764012603.750336,buy,limit,90531830
88587.9,0.04516831,2025-11-24 19:30:03,1764012603.750336,buy,limit,90531831
88587.9,0.01515727,2025-11-24 19:30:03,1764012603.750336,buy,limit,90531832
88589.4,0.0008,2025-11-24 19:30:03,1764012603.763537,buy,limit,90531833
88590.6,0.0008,2025-11-24 19:30:03,1764012603.763537,buy,limit,90531834
88591.8,0.0008,2025-11-24 19:30:03,1764012603.763537,buy,limit,90531835
88593.0,0.0008,2025-11-24 19:30:03,1764012603.763537,buy,limit,90531836
88594.2,0.0008,2025-11-24 19:30:03,1764012603.763537,buy,limit,90531837
88594.4,0.00038715,2025-11-24 19:30:03,1764012603.763537,buy,limit,90531838
88595.4,0.0008,2025-11-24 19:30:03,1764012603.7635372,buy,limit,90531839
88596.7,0.0008,2025-11-24 19:30:03,1764012603.7635372,buy,limit,90531840
88597.9,0.0008,2025-11-24 19:30:03,1764012603.777291,buy,limit,90531841
88599.1,0.0008,2025-11-24 19:30:03,1764012603.777291,buy,limit,90531842
88600.0,0.00028221,2025-11-24 19:30:07,1764012607.4126914,buy,market,90531843
88600.0,0.00244021,2025-11-24 19:30:10,1764012610.5163956,buy,market,90531844
88608.8,0.0008,2025-11-24 19:30:10,1764012610.5163956,buy,market,90531845
88610.1,0.0008,2025-11-24 19:30:10,1764012610.5163956,buy,market,90531846
88611.3,0.0008,2025-11-24 19:30:10,1764012610.5163956,buy,market,90531847
88641.9,0.02466451,2025-11-24 19:30:10,1764012610.5163956,buy,market,90531848
88648.8,3.27e-05,2025-11-24 19:30:12,1764012612.216168,sell,limit,90531849
88648.9,0.00026436,2025-11-24 19:30:18,1764012618.0385807,buy,limit,90531850
88648.9,0.00248217,2025-11-24 19:30:18,1764012618.0385807,buy,limit,90531851
88648.9,7.347e-05,2025-11-24 19:30:18,1764012618.5808113,buy,limit,90531852
88648.9,0.00140204,2025-11-24 19:30:19,1764012619.0346417,buy,limit,90531853
88648.9,0.00417355,2025-11-24 19:30:19,1764012619.0346417,buy,limit,90531854
88648.9,0.00308462,2025-11-24 19:30:19,1764012619.1882288,buy,limit,90531855
88648.8,0.0001,2025-11-24 19:30:22,1764012622.7546177,sell,limit,90531856
88648.8,0.00051936,2025-11-24 19:30:22,1764012622.7546177,sell,limit,90531857
88648.9,0.00010979,2025-11-24 19:30:27,1764012627.790861,buy,limit,90531858
88648.9,0.00266059,2025-11-24 19:30:29,1764012629.3682306,buy,market,90531859
88648.9,0.00234842,2025-11-24 19:30:29,1764012629.3682306,buy,market,90531860
88648.8,0.00048064,2025-11-24 19:30:30,1764012630.6443038,sell,limit,90531861
88648.8,0.0001,2025-11-24 19:30:30,1764012630.644304,sell,limit,90531862
88641.1,0.000761,2025-11-24 19:30:30,1764012630.644304,sell,limit,90531863
88639.8,0.000761,2025-11-24 19:30:30,1764012630.644304,sell,limit,90531864
88638.5,0.000761,2025-11-24 19:30:30,1764012630.644304,sell,limit,90531865
88637.3,0.000761,2025-11-24 19:30:30,1764012630.644304,sell,limit,90531866
88636.0,0.000761,2025-11-24 19:30:30,1764012630.644304,sell,limit,90531867
88634.8,0.000761,2025-11-24 19:30:30,1764012630.644304,sell,limit,90531868
88633.5,0.000761,2025-11-24 19:30:30,1764012630.644304,sell,limit,90531869
88632.3,0.000761,2025-11-24 19:30:30,1764012630.644304,sell,limit,90531870
88631.1,0.00035305,2025-11-24 19:30:30,1764012630.644304,sell,limit,90531871
88648.9,0.00010979,2025-11-24 19:30:32,1764012632.964732,buy,limit,90531872
88648.8,0.00309689,2025-11-24 19:30:33,1764012633.9682128,sell,market,90531873
88648.9,3.254e-05,2025-11-24 19:30:33,1764012633.9868567,buy,limit,90531874
88648.8,1.485e-05,2025-11-24 19:30:34,1764012634.4177048,sell,limit,90531875
88648.9,0.00096746,2025-11-24 19:30:40,1764012640.0370777,buy,limit,90531876
88648.9,0.00193926,2025-11-24 19:30:40,1764012640.0370777,buy,limit,90531877
88649.1,0.10768574,2025-11-24 19:30:40,1764012640.0370777,buy,limit,90531878
88648.8,0.04440225,2025-11-24 19:30:45,1764012645.8282747,sell,limit,90531879
88648.8,0.0001,2025-11-24 19:30:45,1764012645.8282747,sell,limit,90531880
88648.8,0.00049775,2025-11-24 19:30:45,1764012645.8282747,sell,limit,90531881
88648.8,5.446e-05,2025-11-24 19:30:53,1764012653.7548544,sell,limit,90531882
88648.9,0.00093051,2025-11-24 19:30:56,1764012656.2866395,buy,limit,90531883
88648.8,9.319e-05,2025-11-24 19:30:56,1764012656.2883153,sell,limit,90531884
88648.9,0.00548927,2025-11-24 19:30:57,1764012657.7218413,buy,limit,90531885
88648.9,0.00439,2025-11-24 19:31:04,1764012664.378935,buy,limit,90531886
88648.9,0.00164678,2025-11-24 19:31:07,1764012667.039675,buy,limit,90531887
88648.9,0.01355998,2025-11-24 19:31:07,1764012667.146591,buy,limit,90531888
88648.9,0.00135749,2025-11-24 19:31:07,1764012667.1465912,buy,limit,90531889
88648.9,0.02256091,2025-11-24 19:31:07,1764012667.1465912,buy,limit,90531890
88648.9,0.45121823,2025-11-24 19:31:07,1764012667.1465912,buy,limit,90531891
88648.9,0.07468367,2025-11-24 19:31:07,1764012667.1465912,buy,limit,90531892
88649.0,0.00158223,2025-11-24 19:31:14,1764012674.4951437,buy,limit,90531893
88648.9,7.5e-05,2025-11-24 19:31:19,1764012679.8134084,sell,limit,90531894
88649.0,0.00655658,2025-11-24 19:31:24,1764012684.193791,buy,limit,90531895
88649.0,0.00020859,2025-11-24 19:31:28,1764012688.918374,buy,limit,90531896
88648.9,0.000925,2025-11-24 19:31:29,1764012689.1619158,sell,limit,90531897
88648.9,0.0001,2025-11-24 19:31:29,1764012689.1619158,sell,limit,90531898
88631.1,0.00040795,2025-11-24 19:31:29,1764012689.1619158,sell,limit,90531899
88629.8,0.000761,2025-11-24 19:31:29,1764012689.1619158,sell,limit,90531900
88628.6,6.338e-05,2025-11-24 19:31:29,1764012689.1619158,sell,limit,90531901
88628.6,0.00069762,2025-11-24 19:31:31,1764012691.2649558,sell,market,90531902
88628.6,0.00050238,2025-11-24 19:31:31,1764012691.2649558,sell,market,90531903
88628.7,0.0016454,2025-11-24 19:31:36,1764012696.1918356,buy,market,90531904
88628.7,0.00031687,2025-11-24 19:31:36,1764012696.1918356,buy,market,90531905
88628.7,0.00024728,2025-11-24 19:31:44,1764012704.2736611,buy,limit,90531906
88630.0,0.00085082,2025-11-24 19:31:44,1764012704.2736611,buy,limit,90531907
88629.9,0.7522,2025-11-24 19:31:47,1764012707.8925767,sell,limit,90531908
88629.9,0.08552992,2025-11-24 19:31:47,1764012707.8925767,sell,limit,90531909
88630.0,0.00105436,2025-11-24 19:31:51,1764012711.6352007,buy,limit,90531910
88630.0,6.497e-05,2025-11-24 19:31:51,1764012711.6352007,buy,limit,90531911
88630.0,0.01694185,2025-11-24 19:31:53,1764012713.3981714,buy,market,90531912
88630.0,0.00022232,2025-11-24 19:31:56,1764012716.0524557,buy,limit,90531913
88630.0,0.00037077,2025-11-24 19:31:56,1764012716.7727857,buy,limit,90531914
88630.0,0.00055308,2025-11-24 19:31:57,1764012717.3771663,buy,limit,90531915
88630.0,0.00057159,2025-11-24 19:31:58,1764012718.6669145,buy,market,90531916
88630.0,0.00101546,2025-11-24 19:32:00,1764012720.9246416,buy,market,90531917
88630.0,0.00312282,2025-11-24 19:32:09,1764012729.5076396,buy,limit,90531918
88630.0,0.02196177,2025-11-24 19:32:09,1764012729.9893622,buy,limit,90531919
88630.0,0.00422911,2025-11-24 19:32:10,1764012730.1880684,buy,market,90531920
88630.0,0.00668916,2025-11-24 19:32:11,1764012731.9434545,buy,market,90531921
88630.0,0.00225828,2025-11-24 19:32:11,1764012731.9434545,buy,market,90531922
88630.0,0.00960906,2025-11-24 19:32:11,1764012731.9434545,buy,market,90531923
88630.0,0.0027722,2025-11-24 19:32:12,1764012732.5108175,buy,limit,90531924
88630.0,0.00054904,2025-11-24 19:32:12,1764012732.7922144,buy,limit,90531925
88630.0,0.0038117,2025-11-24 19:32:23,1764012743.5024395,buy,limit,90531926
88630.0,0.0094776,2025-11-24 19:32:30,1764012750.3501737,buy,market,90531927
88630.0,0.00188361,2025-11-24 19:32:30,1764012750.4366262,buy,limit,90531928
88630.0,0.02223704,2025-11-24 19:32:37,1764012757.1830316,buy,limit,90531929
88630.0,0.05641787,2025-11-24 19:32:37,1764012757.1830316,buy,limit,90531930
88630.0,0.03249338,2025-11-24 19:32:37,1764012757.1830316,buy,limit,90531931
88630.0,0.01766058,2025-11-24 19:32:38,1764012758.5088272,buy,limit,90531932
88630.0,0.00489585,2025-11-24 19:32:42,1764012762.475025,buy,market,90531933
88635.0,0.00078348,2025-11-24 19:32:48,1764012768.8079038,buy,limit,90531934
88635.0,0.00168391,2025-11-24 19:32:49,1764012769.039766,buy,limit,90531935
88635.0,0.00285025,2025-11-24 19:33:05,1764012785.412241,buy,market,90531936
88634.9,0.0001,2025-11-24 19:33:06,1764012786.9586627,sell,limit,90531937
88634.9,0.00032574,2025-11-24 19:33:06,1764012786.9586627,sell,limit,90531938
88635.0,0.00055963,2025-11-24 19:33:09,1764012789.959581,buy,limit,90531939
88634.9,0.00067426,2025-11-24 19:33:10,1764012790.7228851,sell,limit,90531940
88634.9,0.0001,2025-11-24 19:33:10,1764012790.7228851,sell,limit,90531941
88634.9,0.00056411,2025-11-24 19:33:10,1764012790.7228851,sell,limit,90531942
88634.9,0.00296876,2025-11-24 19:33:10,1764012790.7228851,sell,limit,90531943
88634.9,0.02256447,2025-11-24 19:33:10,1764012790.7228851,sell,limit,90531944
88634.9,0.01875325,2025-11-24 19:33:10,1764012790.7228851,sell,limit,90531945
88635.0,0.01382807,2025-11-24 19:33:11,1764012791.6826236,buy,limit,90531946
88635.0,0.00054901,2025-11-24 19:33:16,1764012796.7476127,buy,limit,90531947
88635.0,0.00166323,2025-11-24 19:33:31,1764012811.2672834,buy,limit,90531948
88634.9,1.171e-05,2025-11-24 19:33:33,1764012813.0777733,sell,limit,90531949
88635.0,0.00821148,2025-11-24 19:33:37,1764012817.7227619,buy,limit,90531950
88635.0,0.001,2025-11-24 19:33:37,1764012817.7227619,buy,limit,90531951
88635.0,1.78678852,2025-11-24 19:33:37,1764012817.7227619,buy,limit,90531952
88635.0,2.101e-05,2025-11-24 19:33:37,1764012817.7356117,buy,limit,90531953
88638.5,0.0008,2025-11-24 19:33:37,1764012817.7356117,buy,limit,90531954
88639.8,0.0008,2025-11-24 19:33:37,1764012817.7526762,buy,limit,90531955
88649.9,0.0008,2025-11-24 19:33:37,1764012817.7654817,buy,limit,90531956
88651.1,0.0008,2025-11-24 19:33:37,1764012817.7654817,buy,limit,90531957
88652.4,0.0008,2025-11-24 19:33:37,1764012817.7654817,buy,limit,90531958
88653.7,0.0008,2025-11-24 19:33:37,1764012817.7784116,buy,limit,90531959
88654.9,0.0008,2025-11-24 19:33:38,1764012818.2889931,buy,limit,90531960
88656.2,0.0008,2025-11-24 19:33:38,1764012818.2889931,buy,limit,90531961
88657.5,0.0008,2025-11-24 19:33:38,1764012818.2889931,buy,limit,90531962
88658.8,0.0008,2025-11-24 19:33:38,1764012818.2889931,buy,limit,90531963
88660.0,0.0008,2025-11-24 19:33:38,1764012818.2889931,buy,limit,90531964
88661.3,0.0008,2025-11-24 19:33:38,1764012818.2889931,buy,limit,90531965
88662.6,0.0008,2025-11-24 19:33:38,1764012818.2889931,buy,limit,90531966
88663.9,0.0008,2025-11-24 19:33:38,1764012818.2889931,buy,limit,90531967
88665.1,0.0008,2025-11-24 19:33:38,1764012818.2889931,buy,limit,90531968
88666.4,0.0008,2025-11-24 19:33:41,1764012821.867383,buy,limit,90531969
88700.0,0.00194507,2025-11-24 19:33:41,1764012821.867383,buy,limit,90531970
88699.9,0.00285583,2025-11-24 19:33:42,1764012822.3213089,sell,limit,90531971
88699.9,0.00017427,2025-11-24 19:33:43,1764012823.6472414,sell,market,90531972
88700.0,0.00562214,2025-11-24 19:34:05,1764012845.630794,buy,limit,90531973
88699.9,5.685e-05,2025-11-24 19:34:05,1764012845.8000948,sell,limit,90531974
88699.9,0.00094315,2025-11-24 19:34:07,1764012847.5344377,sell,limit,90531975
88699.9,0.0001,2025-11-24 19:34:07,1764012847.5344377,sell,limit,90531976
88699.9,0.00056369,2025-11-24 19:34:07,1764012847.5344377,sell,limit,90531977
88699.9,0.00097998,2025-11-24 19:34:07,1764012847.534438,sell,limit,90531978
88699.9,0.00011834,2025-11-24 19:34:09,1764012849.4728575,sell,limit,90531979
88700.0,0.00740443,2025-11-24 19:34:17,1764012857.8289928,buy,limit,90531980
88699.9,0.0001,2025-11-24 19:34:26,1764012866.8442733,sell,market,90531981
88699.9,0.00028184,2025-11-24 19:34:26,1764012866.8442733,sell,market,90531982
88698.8,0.000761,2025-11-24 19:34:26,1764012866.8442733,sell,market,90531983
88697.5,0.000761,2025-11-24 19:34:26,1764012866.8442733,sell,market,90531984
88696.2,0.000761,2025-11-24 19:34:26,1764012866.8442733,sell,market,90531985
88694.9,0.000761,2025-11-24 19:34:26,1764012866.8442733,sell,market,90531986
88693.6,0.000761,2025-11-24 19:34:26,1764012866.8442733,sell,market,90531987
88692.3,0.000761,2025-11-24 19:34:26,1764012866.8442733,sell,market,90531988
88691.0,0.000761,2025-11-24 19:34:26,1764012866.8442733,sell,market,90531989
88689.7,0.000761,2025-11-24 19:34:26,1764012866.8442733,sell,market,90531990
88688.4,0.000761,2025-11-24 19:34:26,1764012866.8442733,sell,market,90531991
88687.1,0.000761,2025-11-24 19:34:26,1764012866.8442733,sell,market,90531992
88685.8,0.000761,2025-11-24 19:34:26,1764012866.8442733,sell,market,90531993
88684.5,0.000761,2025-11-24 19:34:26,1764012866.8442733,sell,market,90531994
88683.2,0.000761,2025-11-24 19:34:26,1764012866.8442733,sell,market,90531995
88681.9,0.000761,2025-11-24 19:34:26,1764012866.8442733,sell,market,90531996
88680.6,0.000761,2025-11-24 19:34:26,1764012866.8442736,sell,market,90531997
88679.3,0.000761,2025-11-24 19:34:26,1764012866.8442736,sell,market,90531998
88678.0,0.000761,2025-11-24 19:34:26,1764012866.8442736,sell,market,90531999
88676.7,0.000761,2025-11-24 19:34:26,1764012866.8442736,sell,market,90532000
88675.4,0.000761,2025-11-24 19:34:26,1764012866.8442736,sell,market,90532001
88674.1,0.000761,2025-11-24 19:34:26,1764012866.8442736,sell,market,90532002
88663.9,0.000761,2025-11-24 19:34:26,1764012866.8442736,sell,market,90532003
88662.6,0.000761,2025-11-24 19:34:26,1764012866.8442736,sell,market,90532004
88661.3,0.000761,2025-11-24 19:34:26,1764012866.8442736,sell,market,90532005
88660.0,0.000761,2025-11-24 19:34:26,1764012866.8442736,sell,market,90532006
88658.8,0.000761,2025-11-24 19:34:26,1764012866.8442736,sell,market,90532007
88657.5,0.000761,2025-11-24 19:34:26,1764012866.8442736,sell,market,90532008
88656.2,0.000761,2025-11-24 19:34:26,1764012866.8442736,sell,market,90532009
88654.9,0.000761,2025-11-24 19:34:26,1764012866.8442736,sell,market,90532010
88654.9,0.02254793,2025-11-24 19:34:26,1764012866.8442736,sell,market,90532011
88654.5,0.00403578,2025-11-24 19:34:26,1764012866.8442736,sell,market,90532012
88653.8,0.00592502,2025-11-24 19:34:32,1764012872.9105392,buy,market,90532013
88653.8,0.03055622,2025-11-24 19:34:34,1764012874.0509033,buy,limit,90532014
88653.8,0.00329338,2025-11-24 19:34:35,1764012875.8222976,buy,limit,90532015
88653.8,0.001,2025-11-24 19:34:37,1764012877.288883,buy,limit,90532016
88653.8,0.03283331,2025-11-24 19:34:37,1764012877.288883,buy,limit,90532017
88654.6,0.00056398,2025-11-24 19:34:40,1764012880.6133866,buy,limit,90532018
88654.6,0.00125785,2025-11-24 19:34:40,1764012880.6133866,buy,limit,90532019
88654.6,0.00293019,2025-11-24 19:34:40,1764012880.6133866,buy,limit,90532020
88671.5,1.077e-05,2025-11-24 19:34:55,1764012895.2919507,buy,market,90532021
88671.5,0.00078923,2025-11-24 19:34:55,1764012895.2919507,buy,market,90532022
88671.5,0.00056387,2025-11-24 19:34:55,1764012895.2919507,buy,market,90532023
88672.8,0.0008,2025-11-24 19:34:55,1764012895.2919507,buy,market,90532024
88674.1,0.00028698,2025-11-24 19:34:55,1764012895.2919507,buy,market,90532025
88674.1,0.00051302,2025-11-24 19:34:55,1764012895.6633677,buy,limit,90532026
88674.1,1.625e-05,2025-11-24 19:34:55,1764012895.6633677,buy,limit,90532027
88675.4,5.488e-05,2025-11-24 19:34:59,1764012899.2330728,buy,limit,90532028
88675.3,3.828e-05,2025-11-24 19:35:03,1764012903.3548577,sell,limit,90532029
88675.4,0.00074512,2025-11-24 19:35:03,1764012903.8685675,buy,limit,90532030
88675.4,0.00083949,2025-11-24 19:35:03,1764012903.8685675,buy,limit,90532031
88675.3,0.00128499,2025-11-24 19:35:04,1764012904.3873065,sell,limit,90532032
88675.4,0.00338396,2025-11-24 19:35:07,1764012907.2327101,buy,limit,90532033
88675.4,5.638e-05,2025-11-24 19:35:15,1764012915.925687,buy,limit,90532034
88675.4,0.01694055,2025-11-24 19:35:23,1764012923.7420685,buy,market,90532035
88675.4,0.00339202,2025-11-24 19:35:25,1764012925.253594,buy,limit,90532036
88675.4,0.00052539,2025-11-24 19:35:29,1764012929.391137,buy,limit,90532037
88675.4,0.00610421,2025-11-24 19:35:34,1764012934.7645495,buy,market,90532038
88675.4,4.462e-05,2025-11-24 19:35:36,1764012936.5459402,buy,limit,90532039
88675.3,0.03953002,2025-11-24 19:35:37,1764012937.5311913,sell,limit,90532040
88675.4,0.00100808,2025-11-24 19:35:39,1764012939.0262585,buy,limit,90532041
88675.3,0.06088192,2025-11-24 19:35:39,1764012939.1344824,sell,limit,90532042
88675.4,0.00015074,2025-11-24 19:35:40,1764012940.1406589,buy,limit,90532043
88675.4,0.00278187,2025-11-24 19:35:40,1764012940.4003704,buy,limit,90532044
88675.4,0.00015925,2025-11-24 19:35:41,1764012941.5419939,buy,limit,90532045
88675.4,0.00095924,2025-11-24 19:35:46,1764012946.9645703,buy,limit,90532046
88675.4,0.00011165,2025-11-24 19:35:50,1764012950.898338,buy,limit,90532047
88675.4,0.0017929,2025-11-24 19:35:52,1764012952.1878862,buy,limit,90532048
88675.3,0.01760301,2025-11-24 19:36:02,1764012962.8767946,sell,market,90532049
88675.3,0.00276722,2025-11-24 19:36:03,1764012963.573729,sell,limit,90532050
88675.3,0.01308319,2025-11-24 19:36:04,1764012964.049301,sell,limit,90532051
88675.4,0.00088448,2025-11-24 19:36:06,1764012966.4032326,buy,limit,90532052
88675.4,0.00185833,2025-11-24 19:36:12,1764012972.4632516,buy,limit,90532053
88675.4,0.00111104,2025-11-24 19:36:14,1764012974.0340958,buy,limit,90532054
88675.4,0.00614615,2025-11-24 19:36:14,1764012974.1373734,buy,limit,90532055
88675.4,0.00465078,2025-11-24 19:36:17,1764012977.8814812,buy,market,90532056
88675.3,0.001,2025-11-24 19:36:18,1764012978.2371001,sell,market,90532057
88675.3,0.0001,2025-11-24 19:36:18,1764012978.2371004,sell,market,90532058
88675.3,0.03916981,2025-11-24 19:36:18,1764012978.2371004,sell,market,90532059
88666.4,0.000761,2025-11-24 19:36:18,1764012978.2371004,sell,market,90532060
88665.1,0.000761,2025-11-24 19:36:18,1764012978.2371004,sell,market,90532061
88663.9,0.000761,2025-11-24 19:36:18,1764012978.2371004,sell,market,90532062
88662.6,0.000761,2025-11-24 19:36:18,1764012978.2371004,sell,market,90532063
88653.7,0.000761,2025-11-24 19:36:18,1764012978.2371004,sell,market,90532064
88652.4,0.000761,2025-11-24 19:36:18,1764012978.2371004,sell,market,90532065
88651.1,0.000761,2025-11-24 19:36:18,1764012978.2371004,sell,market,90532066
88649.9,0.000761,2025-11-24 19:36:18,1764012978.2371004,sell,market,90532067
88648.6,0.000761,2025-11-24 19:36:18,1764012978.2371004,sell,market,90532068
88647.3,0.000761,2025-11-24 19:36:18,1764012978.2371004,sell,market,90532069
88646.1,0.000761,2025-11-24 19:36:18,1764012978.2371004,sell,market,90532070
88644.8,0.000761,2025-11-24 19:36:18,1764012978.2371004,sell,market,90532071
88644.0,0.00564837,2025-11-24 19:36:18,1764012978.2371004,sell,market,90532072
88643.6,0.000761,2025-11-24 19:36:18,1764012978.2371004,sell,market,90532073
88642.6,0.11418882,2025-11-24 19:36:18,1764012978.2371004,sell,market,90532074
88656.3,0.00055505,2025-11-24 19:36:18,1764012978.8556235,buy,limit,90532075
88656.3,0.00056385,2025-11-24 19:36:18,1764012978.940841,buy,market,90532076
88642.3,0.00022996,2025-11-24 19:36:25,1764012985.2271051,sell,limit,90532077
88642.4,0.00055958,2025-11-24 19:36:29,1764012989.0093844,buy,limit,90532078
88642.4,4.48e-06,2025-11-24 19:36:29,1764012989.116917,buy,limit,90532079
88642.4,0.0029846,2025-11-24 19:36:29,1764012989.116917,buy,limit,90532080
88642.4,0.001,2025-11-24 19:36:35,1764012995.5510952,buy,limit,90532081
88642.4,0.00056406,2025-11-24 19:36:35,1764012995.5510952,buy,limit,90532082
88642.4,0.00087455,2025-11-24 19:36:35,1764012995.5510952,buy,limit,90532083
88653.0,0.0115494,2025-11-24 19:36:35,1764012995.5510952,buy,limit,90532084
88652.9,0.00047136,2025-11-24 19:36:35,1764012995.9528215,sell,limit,90532085
88653.0,0.00011113,2025-11-24 19:36:51,1764013011.5043023,buy,limit,90532086
88653.0,0.00045286,2025-11-24 19:36:52,1764013012.1089137,buy,limit,90532087
88653.0,0.0001084,2025-11-24 19:36:52,1764013012.1089137,buy,limit,90532088
88652.9,0.00017385,2025-11-24 19:36:58,1764013018.6646316,sell,limit,90532089
88652.9,0.00118439,2025-11-24 19:37:05,1764013025.620473,sell,market,90532090
88653.0,0.00113927,2025-11-24 19:37:07,1764013027.2653942,buy,market,90532091
88653.0,0.001,2025-11-24 19:37:07,1764013027.641941,buy,market,90532092
88653.0,0.00047802,2025-11-24 19:37:09,1764013029.5748804,buy,limit,90532093
88653.0,0.00011059,2025-11-24 19:37:09,1764013029.6931615,buy,limit,90532094
88653.0,0.00218581,2025-11-24 19:37:10,1764013030.8258505,buy,limit,90532095
88653.0,0.003865,2025-11-24 19:37:14,1764013034.0655127,buy,limit,90532096
88656.8,0.0008,2025-11-24 19:37:14,1764013034.0655127,buy,limit,90532097
88658.0,0.0008,2025-11-24 19:37:14,1764013034.0655127,buy,limit,90532098
88659.3,0.0008,2025-11-24 19:37:14,1764013034.0655127,buy,limit,90532099
88660.6,0.0008,2025-11-24 19:37:14,1764013034.0655127,buy,limit,90532100
88661.8,0.0008,2025-11-24 19:37:14,1764013034.0655127,buy,limit,90532101
88663.1,0.0008,2025-11-24 19:37:14,1764013034.0655127,buy,limit,90532102
88664.3,0.0008,2025-11-24 19:37:14,1764013034.0655127,buy,limit,90532103
88665.6,0.0008,2025-11-24 19:37:14,1764013034.0655127,buy,limit,90532104
88666.9,0.0008,2025-11-24 19:37:14,1764013034.0655127,buy,limit,90532105
88671.4,0.01089102,2025-11-24 19:37:14,1764013034.0655127,buy,limit,90532106
88671.3,0.03264553,2025-11-24 19:37:16,1764013036.0647283,sell,market,90532107
88671.4,0.00204965,2025-11-24 19:37:25,1764013045.3198566,buy,limit,90532108
88671.4,0.00109758,2025-11-24 19:37:25,1764013045.3947678,buy,limit,90532109
88671.4,0.00111659,2025-11-24 19:37:27,1764013047.0360115,buy,limit,90532110
88671.4,0.0083557,2025-11-24 19:37:30,1764013050.1520357,buy,limit,90532111
88671.4,0.00479326,2025-11-24 19:37:31,1764013051.9042091,buy,market,90532112
88671.4,9.878e-05,2025-11-24 19:37:33,1764013053.134325,buy,limit,90532113
88671.3,0.001,2025-11-24 19:37:33,1764013053.298844,sell,limit,90532114
88671.3,0.0001,2025-11-24 19:37:33,1764013053.2988443,sell,limit,90532115
88671.3,0.00056387,2025-11-24 19:37:33,1764013053.2988443,sell,limit,90532116
88671.3,0.00283621,2025-11-24 19:37:33,1764013053.2988443,sell,limit,90532117
88671.3,0.00066322,2025-11-24 19:37:33,1764013053.2988443,sell,limit,90532118
88671.3,0.0002048,2025-11-24 19:37:36,1764013056.0481062,sell,limit,90532119
88671.4,0.00062871,2025-11-24 19:37:36,1764013056.1504052,buy,limit,90532120
88671.3,0.0001,2025-11-24 19:37:49,1764013069.0939498,sell,market,90532121
88671.3,0.02231112,2025-11-24 19:37:49,1764013069.0939498,sell,market,90532122
88671.3,5.639e-05,2025-11-24 19:37:52,1764013072.6385703,sell,limit,90532123
88671.4,0.00109758,2025-11-24 19:37:55,1764013075.4038713,buy,limit,90532124
88671.4,0.00011552,2025-11-24 19:37:59,1764013079.0343657,buy,limit,90532125
88671.4,0.00240761,2025-11-24 19:38:02,1764013082.406087,buy,market,90532126
88671.4,0.00028098,2025-11-24 19:38:02,1764013082.7494254,buy,limit,90532127
88671.4,0.00027159,2025-11-24 19:38:06,1764013086.845632,buy,limit,90532128
88671.4,0.00109758,2025-11-24 19:38:08,1764013088.2453423,buy,limit,90532129
88671.3,6.766e-05,2025-11-24 19:38:10,1764013090.4976616,sell,market,90532130
88671.4,0.05552183,2025-11-24 19:38:11,1764013091.5198429,buy,limit,90532131
88671.4,0.02245489,2025-11-24 19:38:12,1764013092.2042296,buy,limit,90532132
88671.4,0.00056387,2025-11-24 19:38:12,1764013092.2042296,buy,limit,90532133
88671.4,0.001,2025-11-24 19:38:12,1764013092.2042296,buy,limit,90532134
88671.4,0.00076867,2025-11-24 19:38:12,1764013092.2042296,buy,limit,90532135
88671.4,0.00109981,2025-11-24 19:38:12,1764013092.2042296,buy,limit,90532136
88675.3,0.127449,2025-11-24 19:38:17,1764013097.2284899,sell,market,90532137
88675.3,0.03006767,2025-11-24 19:38:17,1764013097.2284899,sell,market,90532138
88675.3,0.34305992,2025-11-24 19:38:17,1764013097.2284899,sell,market,90532139
88675.4,0.00103442,2025-11-24 19:38:19,1764013099.886966,buy,limit,90532140
88675.4,0.00056385,2025-11-24 19:38:19,1764013099.886966,buy,limit,90532141
88676.7,0.0008,2025-11-24 19:38:19,1764013099.886966,buy,limit,90532142
88678.0,0.0003657,2025-11-24 19:38:19,1764013099.8869662,buy,limit,90532143
88677.9,6.2e-05,2025-11-24 19:38:23,1764013103.1873603,sell,limit,90532144
88678.0,0.0004343,2025-11-24 19:38:26,1764013106.7168126,buy,market,90532145
88678.0,0.00435861,2025-11-24 19:38:26,1764013106.7168126,buy,market,90532146
88678.0,0.107,2025-11-24 19:38:27,1764013107.0650384,buy,limit,90532147
88678.0,0.00092013,2025-11-24 19:38:27,1764013107.0775285,buy,limit,90532148
88679.3,0.0008,2025-11-24 19:38:28,1764013108.37417,buy,market,90532149
88688.4,0.00073244,2025-11-24 19:38:28,1764013108.37417,buy,market,90532150
88688.4,6.756e-05,2025-11-24 19:38:29,1764013109.3965697,buy,limit,90532151
88689.7,0.0008,2025-11-24 19:38:29,1764013109.3965697,buy,limit,90532152
88691.0,0.0008,2025-11-24 19:38:29,1764013109.3965697,buy,limit,90532153
88700.0,0.00097537,2025-11-24 19:38:29,1764013109.3965697,buy,limit,90532154
88700.0,1.3e-07,2025-11-24 19:38:29,1764013109.7274723,buy,market,90532155
88699.9,0.00010973,2025-11-24 19:38:29,1764013109.8634543,sell,limit,90532156
88700.0,0.00111844,2025-11-24 19:38:30,1764013110.512841,buy,limit,90532157
88700.0,0.03686287,2025-11-24 19:38:34,1764013114.0260017,buy,limit,90532158
88700.0,0.40940276,2025-11-24 19:38:34,1764013114.0260017,buy,limit,90532159
88700.0,0.0095,2025-11-24 19:38:34,1764013114.026002,buy,limit,90532160
88700.0,0.01413757,2025-11-24 19:38:34,1764013114.026002,buy,limit,90532161
88700.0,0.00970619,2025-11-24 19:38:34,1764013114.026002,buy,limit,90532162
88700.0,0.00337672,2025-11-24 19:38:34,1764013114.026002,buy,limit,90532163
88700.0,0.000174,2025-11-24 19:38:34,1764013114.026002,buy,limit,90532164
88700.0,3.153e-05,2025-11-24 19:38:34,1764013114.026002,buy,limit,90532165
88700.0,0.4617681,2025-11-24 19:38:34,1764013114.026002,buy,limit,90532166
88700.0,0.95277218,2025-11-24 19:38:34,1764013114.029569,buy,limit,90532167
88700.0,0.11997015,2025-11-24 19:38:34,1764013114.0837076,buy,limit,90532168
88700.0,0.82980825,2025-11-24 19:38:34,1764013114.0837076,buy,limit,90532169
88700.0,1.45433501,2025-11-24 19:38:34,1764013114.1070063,buy,limit,90532170
88700.0,0.0016911,2025-11-24 19:38:34,1764013114.1070063,buy,limit,90532171
88700.0,0.15,2025-11-24 19:38:34,1764013114.1070063,buy,limit,90532172
88700.0,0.00265629,2025-11-24 19:38:34,1764013114.1070063,buy,limit,90532173
88700.0,0.00114946,2025-11-24 19:38:34,1764013114.1070063,buy,limit,90532174
88700.0,0.1,2025-11-24 19:38:34,1764013114.1070063,buy,limit,90532175
88700.0,0.06,2025-11-24 19:38:34,1764013114.1070063,buy,limit,90532176
88700.1,0.0008,2025-11-24 19:38:34,1764013114.1070063,buy,limit,90532177
88701.4,0.0008,2025-11-24 19:38:34,1764013114.1070063,buy,limit,90532178
88702.8,0.0008,2025-11-24 19:38:34,1764013114.1719189,buy,limit,90532179
88704.1,0.0008,2025-11-24 19:38:34,1764013114.1719189,buy,limit,90532180
88705.4,0.0008,2025-11-24 19:38:34,1764013114.1719189,buy,limit,90532181
88706.7,0.0008,2025-11-24 19:38:34,1764013114.1719189,buy,limit,90532182
88708.0,0.0008,2025-11-24 19:38:34,1764013114.1719189,buy,limit,90532183
88709.3,0.0008,2025-11-24 19:38:34,1764013114.1719189,buy,limit,90532184
88710.7,0.0008,2025-11-24 19:38:34,1764013114.2352183,buy,limit,90532185
88712.0,0.0008,2025-11-24 19:38:34,1764013114.2352183,buy,limit,90532186
88713.3,0.0008,2025-11-24 19:38:34,1764013114.2352183,buy,limit,90532187
88714.3,0.011332,2025-11-24 19:38:34,1764013114.290599,buy,limit,90532188
88714.6,0.0008,2025-11-24 19:38:34,1764013114.306463,buy,limit,90532189
88716.0,0.0008,2025-11-24 19:38:34,1764013114.3212214,buy,limit,90532190
88717.0,0.001,2025-11-24 19:38:35,1764013115.226773,buy,market,90532191
88716.9,0.00062473,2025-11-24 19:38:35,1764013115.4345515,sell,limit,90532192
88717.0,0.00022548,2025-11-24 19:38:35,1764013115.9571798,buy,market,90532193
88717.0,0.02077452,2025-11-24 19:38:42,1764013122.39909,buy,limit,90532194
88717.3,0.0008,2025-11-24 19:38:42,1764013122.39909,buy,limit,90532195
88718.6,0.0008,2025-11-24 19:38:42,1764013122.431057,buy,limit,90532196
88720.0,0.0008,2025-11-24 19:38:42,1764013122.431057,buy,limit,90532197
88721.3,0.0008,2025-11-24 19:38:42,1764013122.431057,buy,limit,90532198
88722.6,0.0008,2025-11-24 19:38:42,1764013122.431057,buy,limit,90532199
88724.0,0.0008,2025-11-24 19:38:42,1764013122.4310572,buy,limit,90532200
88725.3,0.0008,2025-11-24 19:38:42,1764013122.4310572,buy,limit,90532201
88733.1,0.00084263,2025-11-24 19:38:44,1764013124.8595324,buy,limit,90532202
88733.1,0.00143286,2025-11-24 19:38:45,1764013125.6196294,buy,market,90532203
88733.1,0.01467109,2025-11-24 19:38:48,1764013128.1441643,buy,market,90532204
88733.1,0.01266774,2025-11-24 19:38:57,1764013137.1801717,buy,limit,90532205
88733.1,0.00022098,2025-11-24 19:38:59,1764013139.0422072,buy,limit,90532206
88733.1,0.00268881,2025-11-24 19:39:11,1764013151.7075257,buy,limit,90532207
88733.1,0.02427543,2025-11-24 19:39:15,1764013155.7545671,buy,limit,90532208
88733.1,0.00056348,2025-11-24 19:39:15,1764013155.7545671,buy,limit,90532209
88733.9,0.021,2025-11-24 19:39:15,1764013155.7545674,buy,limit,90532210
88734.9,0.019,2025-11-24 19:39:15,1764013155.7545674,buy,limit,90532211
88735.5,0.0008,2025-11-24 19:39:15,1764013155.7545674,buy,limit,90532212
88736.8,0.0008,2025-11-24 19:39:15,1764013155.7545674,buy,limit,90532213
88738.1,0.0008,2025-11-24 19:39:15,1764013155.7545674,buy,limit,90532214
88739.4,0.0001,2025-11-24 19:39:15,1764013155.7545674,buy,limit,90532215
88739.4,0.0008,2025-11-24 19:39:15,1764013155.7545674,buy,limit,90532216
88740.8,0.0008,2025-11-24 19:39:15,1764013155.7545674,buy,limit,90532217
88742.1,0.0008,2025-11-24 19:39:15,1764013155.7545674,buy,limit,90532218
88751.5,0.0008,2025-11-24 19:39:15,1764013155.7545674,buy,limit,90532219
88752.8,0.0008,2025-11-24 19:39:15,1764013155.7545674,buy,limit,90532220
88754.1,0.0008,2025-11-24 19:39:15,1764013155.7545674,buy,limit,90532221
88755.5,0.0008,2025-11-24 19:39:15,1764013155.7545674,buy,limit,90532222
88756.8,0.0008,2025-11-24 19:39:15,1764013155.7545674,buy,limit,90532223
88758.2,0.0008,2025-11-24 19:39:15,1764013155.7545674,buy,limit,90532224
88759.0,0.03723155,2025-11-24 19:39:15,1764013155.7545674,buy,limit,90532225
88757.7,0.00056333,2025-11-24 19:39:17,1764013157.6179261,sell,limit,90532226
88757.7,0.00011619,2025-11-24 19:39:17,1764013157.6179261,sell,limit,90532227
88757.8,0.00055516,2025-11-24 19:39:19,1764013159.7689512,buy,limit,90532228
88757.8,8.17e-06,2025-11-24 19:39:21,1764013161.8710113,buy,limit,90532229
88759.5,0.0008,2025-11-24 19:39:21,1764013161.8710113,buy,limit,90532230
88762.5,0.01290199,2025-11-24 19:39:21,1764013161.8710113,buy,limit,90532231
88762.5,0.00026425,2025-11-24 19:39:21,1764013161.959686,buy,limit,90532232
88762.5,0.00478835,2025-11-24 19:39:23,1764013163.7783425,buy,market,90532233
88762.5,0.00280249,2025-11-24 19:39:30,1764013170.5937583,buy,limit,90532234
88762.5,0.0021929,2025-11-24 19:39:32,1764013172.8365574,buy,limit,90532235
88762.5,0.02572347,2025-11-24 19:39:32,1764013172.9968376,buy,limit,90532236
88762.5,0.00110723,2025-11-24 19:39:33,1764013173.600493,buy,limit,90532237
88762.5,0.00655229,2025-11-24 19:39:51,1764013191.9408123,buy,limit,90532238
88762.5,0.0005633,2025-11-24 19:39:51,1764013191.9408123,buy,limit,90532239
88762.5,0.04904324,2025-11-24 19:39:51,1764013191.9408123,buy,limit,90532240
88762.5,5.633e-05,2025-11-24 19:39:53,1764013193.9738972,buy,market,90532241
88762.5,2.727e-05,2025-11-24 19:39:56,1764013196.2277014,buy,limit,90532242
88762.5,4.161e-05,2025-11-24 19:40:03,1764013203.0571866,buy,limit,90532243
88762.5,0.00047766,2025-11-24 19:40:03,1764013203.4295151,buy,limit,90532244
88762.5,0.00081115,2025-11-24 19:40:03,1764013203.431819,buy,market,90532245
88762.5,0.00033683,2025-11-24 19:40:06,1764013206.923167,buy,market,90532246
88762.4,0.001,2025-11-24 19:40:10,1764013210.545114,sell,limit,90532247
88762.4,0.0001,2025-11-24 19:40:10,1764013210.545114,sell,limit,90532248
88762.4,0.021,2025-11-24 19:40:10,1764013210.545114,sell,limit,90532249
88762.4,0.019,2025-11-24 19:40:10,1764013210.545114,sell,limit,90532250
88762.4,0.01971555,2025-11-24 19:40:10,1764013210.545114,sell,limit,90532251
88762.4,0.001,2025-11-24 19:40:10,1764013210.545114,sell,limit,90532252
88762.4,0.00828447,2025-11-24 19:40:10,1764013210.545114,sell,limit,90532253
88762.4,0.04317521,2025-11-24 19:40:10,1764013210.545114,sell,limit,90532254
88756.8,0.00076,2025-11-24 19:40:10,1764013210.545114,sell,limit,90532255
88755.5,0.00076,2025-11-24 19:40:10,1764013210.545114,sell,limit,90532256
88754.1,0.00076,2025-11-24 19:40:10,1764013210.545114,sell,limit,90532257
88752.8,0.00076,2025-11-24 19:40:10,1764013210.5451143,sell,limit,90532258
88751.5,0.00076,2025-11-24 19:40:10,1764013210.5451143,sell,limit,90532259
88750.1,0.00076,2025-11-24 19:40:10,1764013210.5451143,sell,limit,90532260
88748.8,0.00076,2025-11-24 19:40:10,1764013210.5451143,sell,limit,90532261
88747.4,0.00076,2025-11-24 19:40:10,1764013210.5451143,sell,limit,90532262
88746.1,0.00076,2025-11-24 19:40:10,1764013210.5451143,sell,limit,90532263
88744.8,0.00076,2025-11-24 19:40:10,1764013210.5451143,sell,limit,90532264
88743.4,0.00076,2025-11-24 19:40:10,1764013210.5451143,sell,limit,90532265
88742.1,0.00076,2025-11-24 19:40:10,1764013210.5451143,sell,limit,90532266
88733.1,0.00225395,2025-11-24 19:40:13,1764013213.2472918,buy,limit,90532267
88733.1,0.00010835,2025-11-24 19:40:13,1764013213.8005807,buy,limit,90532268
88733.1,0.00685878,2025-11-24 19:40:14,1764013214.6630495,buy,limit,90532269
88733.1,5e-05,2025-11-24 19:40:17,1764013217.027071,buy,market,90532270
88733.0,0.3,2025-11-24 19:40:21,1764013221.1742551,sell,limit,90532271
88733.0,0.36700528,2025-11-24 19:40:21,1764013221.1742551,sell,limit,90532272
88733.0,0.0001,2025-11-24 19:40:21,1764013221.1742551,sell,limit,90532273
88732.8,0.00076,2025-11-24 19:40:21,1764013221.1742551,sell,limit,90532274
88731.5,0.00076,2025-11-24 19:40:21,1764013221.1742551,sell,limit,90532275
88730.2,0.00076,2025-11-24 19:40:21,1764013221.1742551,sell,limit,90532276
88728.8,0.00076,2025-11-24 19:40:21,1764013221.1742551,sell,limit,90532277
88727.5,0.00076,2025-11-24 19:40:21,1764013221.1742551,sell,limit,90532278
88718.3,0.00076,2025-11-24 19:40:21,1764013221.1742551,sell,limit,90532279
88717.0,0.00076,2025-11-24 19:40:21,1764013221.1742554,sell,limit,90532280
88716.9,0.03578145,2025-11-24 19:40:21,1764013221.1742554,sell,limit,90532281
88707.9,0.00076,2025-11-24 19:40:21,1764013221.1742554,sell,limit,90532282
88707.9,0.00027055,2025-11-24 19:40:21,1764013221.1742554,sell,limit,90532283
88700.0,0.00479172,2025-11-24 19:40:22,1764013222.314442,buy,market,90532284
88699.9,0.00174091,2025-11-24 19:40:38,1764013238.408748,sell,limit,90532285
88699.9,0.00164128,2025-11-24 19:40:38,1764013238.4188552,sell,limit,90532286
88699.9,9.963e-05,2025-11-24 19:40:38,1764013238.4188552,sell,limit,90532287
88699.9,3.7e-07,2025-11-24 19:40:38,1764013238.4827049,sell,limit,90532288
88698.8,0.00076,2025-11-24 19:40:38,1764013238.5747776,sell,limit,90532289
88697.5,0.00076,2025-11-24 19:40:38,1764013238.598271,sell,limit,90532290
88688.6,0.00109736,2025-11-24 19:40:45,1764013245.6176476,buy,limit,90532291
88688.6,0.00019111,2025-11-24 19:40:58,1764013258.755402,buy,market,90532292
88688.6,0.00232711,2025-11-24 19:41:06,1764013266.6973357,buy,limit,90532293
88688.6,0.005,2025-11-24 19:41:12,1764013272.4599721,buy,market,90532294
88688.5,0.0001,2025-11-24 19:41:13,1764013273.5058613,sell,limit,90532295
88688.5,0.00065476,2025-11-24 19:41:13,1764013273.5058613,sell,limit,90532296
88688.5,6.209e-05,2025-11-24 19:41:13,1764013273.8804789,sell,limit,90532297
88688.6,0.00479234,2025-11-24 19:41:16,1764013276.858782,buy,market,90532298
88688.6,0.00088946,2025-11-24 19:41:17,1764013277.8614852,buy,limit,90532299
88688.5,0.002102,2025-11-24 19:41:19,1764013279.9419374,sell,market,90532300
88688.5,0.0001,2025-11-24 19:41:19,1764013279.9419374,sell,market,90532301
88688.5,0.00560602,2025-11-24 19:41:19,1764013279.9419377,sell,market,90532302
88688.2,0.00076,2025-11-24 19:41:19,1764013279.9419377,sell,market,90532303
88687.0,0.00076,2025-11-24 19:41:19,1764013279.9419377,sell,market,90532304
88685.7,0.00076,2025-11-24 19:41:19,1764013279.9419377,sell,market,90532305
88684.4,0.00076,2025-11-24 19:41:19,1764013279.9419377,sell,market,90532306
88683.1,0.00076,2025-11-24 19:41:19,1764013279.9419377,sell,market,90532307
88681.8,0.00076,2025-11-24 19:41:19,1764013279.9419377,sell,market,90532308
88680.6,0.00076,2025-11-24 19:41:19,1764013279.9419377,sell,market,90532309
88679.3,0.00076,2025-11-24 19:41:19,1764013279.9419377,sell,market,90532310
88678.0,0.00076,2025-11-24 19:41:19,1764013279.9419377,sell,market,90532311
88676.7,0.00076,2025-11-24 19:41:19,1764013279.9419377,sell,market,90532312
88675.5,0.00076,2025-11-24 19:41:19,1764013279.9419377,sell,market,90532313
88674.2,0.00076,2025-11-24 19:41:19,1764013279.9419377,sell,market,90532314
88674.0,0.00794455,2025-11-24 19:41:19,1764013279.9419377,sell,market,90532315
88672.9,0.00076,2025-11-24 19:41:19,1764013279.9419377,sell,market,90532316
88671.7,0.00076,2025-11-24 19:41:19,1764013279.9419377,sell,market,90532317
88671.3,0.01931454,2025-11-24 19:41:19,1764013279.9419377,sell,market,90532318
88671.4,0.00111931,2025-11-24 19:41:21,1764013281.6424139,buy,limit,90532319
88671.4,0.08540907,2025-11-24 19:41:25,1764013285.8356497,buy,market,90532320
88671.4,0.01005443,2025-11-24 19:41:27,1764013287.2930307,buy,market,90532321
88671.3,0.00021627,2025-11-24 19:41:27,1764013287.914987,sell,market,90532322
88671.4,0.01041655,2025-11-24 19:41:28,1764013288.6712744,buy,market,90532323
88671.4,0.00225508,2025-11-24 19:41:32,1764013292.1623366,buy,limit,90532324
88671.3,2.273e-05,2025-11-24 19:41:37,1764013297.4474185,sell,limit,90532325
88671.4,0.00222765,2025-11-24 19:41:39,1764013299.9018397,buy,limit,90532326
88671.4,0.00021952,2025-11-24 19:41:40,1764013300.505524,buy,limit,90532327
88671.4,0.15366064,2025-11-24 19:41:45,1764013305.8811915,buy,limit,90532328
88671.4,0.00151181,2025-11-24 19:41:48,1764013308.1147466,buy,market,90532329
88671.4,0.00533019,2025-11-24 19:41:48,1764013308.7600768,buy,limit,90532330
88671.4,0.03549116,2025-11-24 19:41:51,1764013311.5111113,buy,market,90532331
88671.4,0.03549116,2025-11-24 19:41:51,1764013311.5111113,buy,market,90532331
88671.4,0.00285281,2025-11-24 19:41:59,1764013319.3494685,buy,limit,90532332
88671.3,0.00836862,2025-11-24 19:42:02,1764013322.367459,sell,market,90532333
88671.3,0.0001,2025-11-24 19:42:02,1764013322.367459,sell,market,90532334
88671.3,0.00065135,2025-11-24 19:42:02,1764013322.367459,sell,market,90532335
88670.4,0.00076,2025-11-24 19:42:02,1764013322.3674593,sell,market,90532336
88669.1,0.00076,2025-11-24 19:42:02,1764013322.3674593,sell,market,90532337
88667.9,0.00076,2025-11-24 19:42:02,1764013322.3674593,sell,market,90532338
88666.6,0.00076,2025-11-24 19:42:02,1764013322.3674593,sell,market,90532339
88665.3,0.00076,2025-11-24 19:42:02,1764013322.3674593,sell,market,90532340
88664.1,0.00076,2025-11-24 19:42:02,1764013322.3674593,sell,market,90532341
88654.0,0.00076,2025-11-24 19:42:02,1764013322.3674593,sell,market,90532342
88654.0,0.02105119,2025-11-24 19:42:02,1764013322.3674593,sell,market,90532343
88654.1,7.016e-05,2025-11-24 19:42:02,1764013322.515246,buy,limit,90532344
88654.1,0.00287383,2025-11-24 19:42:03,1764013323.3317552,buy,limit,90532345
88654.1,0.02199219,2025-11-24 19:42:05,1764013325.534606,buy,limit,90532346
88654.0,0.01428423,2025-11-24 19:42:07,1764013327.1414225,sell,limit,90532347
88654.0,1.577e-05,2025-11-24 19:42:07,1764013327.1414225,sell,limit,90532348
88654.0,8.423e-05,2025-11-24 19:42:07,1764013327.1420875,sell,limit,90532349
88652.8,0.00061577,2025-11-24 19:42:07,1764013327.1420875,sell,limit,90532350
88652.8,0.00014423,2025-11-24 19:42:07,1764013327.142512,sell,limit,90532351
88652.8,0.00138729,2025-11-24 19:42:07,1764013327.142512,sell,limit,90532352
88651.5,0.0007,2025-11-24 19:42:07,1764013327.1436136,sell,limit,90532353
88651.5,6e-05,2025-11-24 19:42:07,1764013327.14432,sell,limit,90532354
88650.3,0.00076,2025-11-24 19:42:07,1764013327.14432,sell,limit,90532355
88649.0,0.00076,2025-11-24 19:42:07,1764013327.14432,sell,limit,90532356
88647.8,0.00076,2025-11-24 19:42:07,1764013327.14432,sell,limit,90532357
88646.6,0.00076,2025-11-24 19:42:07,1764013327.14432,sell,limit,90532358
88634.9,0.00048213,2025-11-24 19:42:07,1764013327.2785344,sell,limit,90532359
88634.9,0.00048213,2025-11-24 19:42:07,1764013327.284599,sell,limit,90532360
88634.9,0.0001,2025-11-24 19:42:07,1764013327.3159642,sell,limit,90532361
88634.9,0.00048213,2025-11-24 19:42:07,1764013327.3448634,sell,limit,90532362
88634.9,0.00048213,2025-11-24 19:42:07,1764013327.3744323,sell,limit,90532363
88635.0,0.00555775,2025-11-24 19:42:07,1764013327.3870063,buy,limit,90532364
88634.9,0.00209859,2025-11-24 19:42:07,1764013327.3917758,sell,limit,90532365
88634.9,0.00048213,2025-11-24 19:42:07,1764013327.4334424,sell,limit,90532366
88634.9,0.00048213,2025-11-24 19:42:07,1764013327.4346695,sell,limit,90532367
88634.9,0.00048213,2025-11-24 19:42:07,1764013327.4739876,sell,limit,90532368
88634.9,0.00048213,2025-11-24 19:42:07,1764013327.486935,sell,limit,90532369
88634.9,0.00048213,2025-11-24 19:42:07,1764013327.4877553,sell,limit,90532370
88634.9,0.00043271,2025-11-24 19:42:07,1764013327.5095992,sell,limit,90532371
88634.9,4.942e-05,2025-11-24 19:42:07,1764013327.5095992,sell,limit,90532372
88634.9,0.00048213,2025-11-24 19:42:07,1764013327.5428028,sell,limit,90532373
88634.9,0.00048213,2025-11-24 19:42:07,1764013327.5731292,sell,limit,90532374
88634.9,0.00048213,2025-11-24 19:42:07,1764013327.5733874,sell,limit,90532375
88634.9,0.00048213,2025-11-24 19:42:07,1764013327.598239,sell,limit,90532376
88634.9,0.00048213,2025-11-24 19:42:07,1764013327.5994124,sell,limit,90532377
88634.9,0.0001,2025-11-24 19:42:08,1764013328.265286,sell,limit,90532378
88634.9,0.03397095,2025-11-24 19:42:08,1764013328.8937278,sell,market,90532379
88634.9,0.0001,2025-11-24 19:42:09,1764013329.2946353,sell,limit,90532380
88634.9,0.0001,2025-11-24 19:42:10,1764013330.283703,sell,limit,90532381
88634.9,0.13250254,2025-11-24 19:42:10,1764013330.7238376,sell,limit,90532382
88634.9,0.00749708,2025-11-24 19:42:10,1764013330.7238376,sell,limit,90532383
88634.9,0.0001,2025-11-24 19:42:10,1764013330.7238376,sell,limit,90532384
88629.9,0.00048213,2025-11-24 19:42:10,1764013330.7323081,sell,limit,90532385
88629.9,0.00048213,2025-11-24 19:42:10,1764013330.7416816,sell,limit,90532386
88629.9,0.00016402,2025-11-24 19:42:10,1764013330.7443352,sell,limit,90532387
88611.4,0.0001,2025-11-24 19:42:11,1764013331.1595316,sell,limit,90532388
88600.0,0.0039,2025-11-24 19:42:11,1764013331.1630714,sell,limit,90532389
88600.0,5.033e-05,2025-11-24 19:42:11,1764013331.1658156,sell,limit,90532390
88548.1,0.0001,2025-11-24 19:42:11,1764013331.3360338,sell,limit,90532391
88548.2,0.00286646,2025-11-24 19:42:11,1764013331.4906435,buy,limit,90532392
88548.1,0.00158227,2025-11-24 19:42:15,1764013335.2489285,sell,limit,90532393
88548.1,0.00396635,2025-11-24 19:42:16,1764013336.9831703,sell,market,90532394
88548.1,0.00476817,2025-11-24 19:42:16,1764013336.9831703,sell,market,90532395
88548.1,0.0001,2025-11-24 19:42:16,1764013336.9831703,sell,market,90532396
88537.0,0.00225894,2025-11-24 19:42:16,1764013336.9831703,sell,market,90532397
88537.0,0.00068155,2025-11-24 19:42:16,1764013336.9831703,sell,market,90532398
88525.6,0.00033888,2025-11-24 19:42:16,1764013336.9831703,sell,market,90532399
88525.6,0.00681148,2025-11-24 19:42:16,1764013336.9831705,sell,market,90532400
88521.6,0.0017653,2025-11-24 19:42:16,1764013336.9831705,sell,market,90532401
88521.6,0.01517971,2025-11-24 19:42:21,1764013341.7065344,sell,market,90532402
88521.6,0.0013685,2025-11-24 19:42:21,1764013341.7065344,sell,market,90532403
88521.6,0.0001,2025-11-24 19:42:21,1764013341.7065344,sell,market,90532404
88503.9,0.00039546,2025-11-24 19:42:21,1764013341.7065344,sell,market,90532405
88500.0,0.00037186,2025-11-24 19:42:21,1764013341.7065344,sell,market,90532406
88500.0,0.00564971,2025-11-24 19:42:21,1764013341.7065344,sell,market,90532407
88500.0,0.07655435,2025-11-24 19:42:21,1764013341.7065344,sell,market,90532408
88500.0,5.731e-05,2025-11-24 19:42:21,1764013341.7065344,sell,market,90532409
88500.0,5.649e-05,2025-11-24 19:42:21,1764013341.7065344,sell,market,90532410
88500.0,0.17810079,2025-11-24 19:42:21,1764013341.7065344,sell,market,90532411
88500.0,0.0008,2025-11-24 19:42:21,1764013341.7065346,sell,market,90532412
88500.0,0.02259887,2025-11-24 19:42:21,1764013341.7065346,sell,market,90532413
88500.0,0.00112994,2025-11-24 19:42:21,1764013341.7065346,sell,market,90532414
88498.9,0.45198301,2025-11-24 19:42:21,1764013341.7065346,sell,market,90532415
88491.3,0.00076,2025-11-24 19:42:21,1764013341.7065346,sell,market,90532416
88487.9,0.244894,2025-11-24 19:42:21,1764013341.7065346,sell,market,90532417
88488.0,0.00056505,2025-11-24 19:42:22,1764013342.4129157,buy,limit,90532418
88488.0,0.00189128,2025-11-24 19:42:29,1764013349.04711,buy,limit,90532419
88488.0,0.02260193,2025-11-24 19:42:30,1764013350.2903907,buy,market,90532420
88488.0,2.216e-05,2025-11-24 19:42:31,1764013351.0385983,buy,limit,90532421
88488.0,0.00054993,2025-11-24 19:42:31,1764013351.7157223,buy,limit,90532422
88488.0,0.00556698,2025-11-24 19:42:32,1764013352.5283525,buy,limit,90532423
88488.0,0.00054972,2025-11-24 19:42:36,1764013356.4772625,buy,limit,90532424
88488.0,0.00022213,2025-11-24 19:42:36,1764013356.4789555,buy,limit,90532425
88488.0,5.54e-05,2025-11-24 19:42:37,1764013357.0396857,buy,limit,90532426
88487.9,0.0001,2025-11-24 19:42:38,1764013358.7939734,sell,market,90532427
88487.6,0.00076,2025-11-24 19:42:38,1764013358.7939734,sell,market,90532428
88486.5,0.00076,2025-11-24 19:42:38,1764013358.7939734,sell,market,90532429
88485.4,0.00076,2025-11-24 19:42:38,1764013358.7939734,sell,market,90532430
88484.3,0.00076,2025-11-24 19:42:38,1764013358.7939734,sell,market,90532431
88483.5,0.0001,2025-11-24 19:42:38,1764013358.7939734,sell,market,90532432
88477.3,5e-05,2025-11-24 19:42:38,1764013358.7939734,sell,market,90532433
88477.3,0.00121,2025-11-24 19:42:38,1764013358.7939734,sell,market,90532434
88477.3,7.16e-06,2025-11-24 19:42:38,1764013358.7939734,sell,market,90532435
88477.3,0.00137864,2025-11-24 19:42:38,1764013358.7939734,sell,market,90532436
88477.3,0.00423997,2025-11-24 19:42:39,1764013359.2257688,sell,limit,90532437
88472.2,0.0001,2025-11-24 19:42:39,1764013359.4282198,sell,limit,90532438
88472.2,0.004889,2025-11-24 19:42:41,1764013361.4863553,sell,market,90532439
88472.2,0.01225238,2025-11-24 19:42:46,1764013366.3456106,sell,limit,90532440
88472.2,0.01650925,2025-11-24 19:42:46,1764013366.3456106,sell,limit,90532441
88472.3,0.00083548,2025-11-24 19:42:47,1764013367.6054893,buy,limit,90532442
88472.3,0.13416452,2025-11-24 19:42:51,1764013371.5462105,buy,market,90532443
88472.3,0.5402,2025-11-24 19:42:51,1764013371.5462108,buy,market,90532444
88472.3,0.01714734,2025-11-24 19:42:51,1764013371.5462108,buy,market,90532445
88472.3,0.00643951,2025-11-24 19:42:51,1764013371.5462108,buy,market,90532446
88472.3,0.02260594,2025-11-24 19:42:51,1764013371.5462108,buy,market,90532447
88472.3,0.1,2025-11-24 19:42:51,1764013371.5462108,buy,market,90532448
88472.3,0.03013846,2025-11-24 19:42:51,1764013371.5462108,buy,market,90532449
88472.3,0.15358,2025-11-24 19:42:51,1764013371.5462108,buy,market,90532450
88472.3,0.00965273,2025-11-24 19:42:51,1764013371.5462108,buy,market,90532451
88472.3,0.1114565,2025-11-24 19:42:51,1764013371.5462108,buy,market,90532452
88472.3,0.874615,2025-11-24 19:42:51,1764013371.5462108,buy,market,90532453
88472.2,0.0001,2025-11-24 19:42:52,1764013372.3350847,sell,limit,90532454
88471.5,0.00076,2025-11-24 19:42:52,1764013372.3350847,sell,limit,90532455
88470.5,0.00076,2025-11-24 19:42:52,1764013372.335085,sell,limit,90532456
88469.4,0.00076,2025-11-24 19:42:52,1764013372.335085,sell,limit,90532457
88468.4,0.00076,2025-11-24 19:42:52,1764013372.335085,sell,limit,90532458
88467.3,0.00076,2025-11-24 19:42:52,1764013372.335085,sell,limit,90532459
88466.3,0.00076,2025-11-24 19:42:52,1764013372.335085,sell,limit,90532460
88465.2,0.00076,2025-11-24 19:42:52,1764013372.335085,sell,limit,90532461
88464.1,0.00076,2025-11-24 19:42:52,1764013372.335085,sell,limit,90532462
88463.1,0.00076,2025-11-24 19:42:52,1764013372.335085,sell,limit,90532463
88446.2,0.00076,2025-11-24 19:42:53,1764013373.2036912,sell,limit,90532464
88446.2,0.00135636,2025-11-24 19:42:53,1764013373.2036912,sell,limit,90532465
88434.0,0.00021075,2025-11-24 19:42:53,1764013373.2036912,sell,limit,90532466
88434.0,0.00069387,2025-11-24 19:42:53,1764013373.4879718,sell,market,90532467
88430.0,0.00079158,2025-11-24 19:42:53,1764013373.4879718,sell,market,90532468
88416.1,0.00068586,2025-11-24 19:42:53,1764013373.4879718,sell,market,90532469
88416.0,0.00624117,2025-11-24 19:42:53,1764013373.4879718,sell,market,90532470
88401.1,0.00076,2025-11-24 19:42:53,1764013373.4879718,sell,market,90532471
88400.0,0.00113122,2025-11-24 19:42:53,1764013373.4879718,sell,market,90532472
88398.9,0.00184234,2025-11-24 19:42:53,1764013373.4879718,sell,market,90532473
88383.9,0.00011314,2025-11-24 19:42:53,1764013373.4879718,sell,market,90532474
88383.8,0.00565715,2025-11-24 19:42:53,1764013373.4879718,sell,market,90532475
88380.6,0.09053,2025-11-24 19:42:53,1764013373.4879718,sell,market,90532476
88380.6,0.135,2025-11-24 19:42:53,1764013373.4879718,sell,market,90532477
88380.5,0.4,2025-11-24 19:42:53,1764013373.4879718,sell,market,90532478
88378.1,0.0011,2025-11-24 19:42:53,1764013373.4879718,sell,market,90532479
88378.1,0.11,2025-11-24 19:42:53,1764013373.4879718,sell,market,90532480
88376.8,0.31342444,2025-11-24 19:42:53,1764013373.487972,sell,market,90532481
88376.8,0.0002,2025-11-24 19:42:53,1764013373.488794,sell,market,90532482
88376.8,0.0001,2025-11-24 19:42:53,1764013373.488955,sell,market,90532483
88376.8,0.00292858,2025-11-24 19:42:53,1764013373.4891016,sell,market,90532484
88377.0,0.00565758,2025-11-24 19:42:53,1764013373.669837,buy,limit,90532485
88377.0,0.00155684,2025-11-24 19:42:55,1764013375.0304406,buy,limit,90532486
88376.9,0.00068617,2025-11-24 19:42:55,1764013375.0417664,sell,market,90532487
88376.9,0.00931383,2025-11-24 19:42:55,1764013375.0417664,sell,market,90532488
88377.0,0.00033942,2025-11-24 19:42:55,1764013375.9879494,buy,market,90532489
88377.0,0.00022633,2025-11-24 19:42:56,1764013376.9989333,buy,market,90532490
88377.0,0.001,2025-11-24 19:42:56,1764013376.9989333,buy,market,90532491
88377.0,0.00467723,2025-11-24 19:42:56,1764013376.9989333,buy,market,90532492
88376.9,0.00056557,2025-11-24 19:43:01,1764013381.5442588,sell,limit,90532493
88376.9,0.0001,2025-11-24 19:43:01,1764013381.5442588,sell,limit,90532494
88376.9,0.02373069,2025-11-24 19:43:01,1764013381.5442588,sell,limit,90532495
88376.9,0.00068617,2025-11-24 19:43:01,1764013381.5442588,sell,limit,90532496
88376.9,0.00012432,2025-11-24 19:43:01,1764013381.5442588,sell,limit,90532497
88376.9,0.001,2025-11-24 19:43:02,1764013382.006719,sell,limit,90532498
88377.0,0.00450543,2025-11-24 19:43:02,1764013382.670774,buy,limit,90532499
88377.0,0.00695713,2025-11-24 19:43:05,1764013385.765112,buy,market,90532500
88377.0,0.02541986,2025-11-24 19:43:06,1764013386.8290026,buy,market,90532501
88377.0,0.00011033,2025-11-24 19:43:13,1764013393.6027122,buy,limit,90532502
88376.9,0.001,2025-11-24 19:43:13,1764013393.9176676,sell,limit,90532503
88376.9,0.00017863,2025-11-24 19:43:13,1764013393.9176676,sell,limit,90532504
88377.0,0.00220246,2025-11-24 19:43:20,1764013400.7444022,buy,limit,90532505
88377.0,0.01396595,2025-11-24 19:43:22,1764013402.6658244,buy,market,90532506
88377.0,0.00056575,2025-11-24 19:43:22,1764013402.6658244,buy,market,90532507
88377.0,0.01609242,2025-11-24 19:43:22,1764013402.6658244,buy,market,90532508
88376.9,0.00267284,2025-11-24 19:43:22,1764013402.8399906,sell,market,90532509
88376.9,0.00732716,2025-11-24 19:43:22,1764013402.8399906,sell,market,90532510
88376.9,0.00289631,2025-11-24 19:43:23,1764013403.7226195,sell,market,90532511
88377.0,0.00010319,2025-11-24 19:43:24,1764013404.0711234,buy,limit,90532512
88376.9,3.761e-05,2025-11-24 19:43:25,1764013405.3845773,sell,market,90532513
88376.9,0.0001,2025-11-24 19:43:25,1764013405.3845773,sell,market,90532514
88376.9,1.239e-05,2025-11-24 19:43:25,1764013405.3845773,sell,market,90532515
88377.0,0.00011316,2025-11-24 19:43:26,1764013406.9816833,buy,market,90532516
88377.0,0.00113122,2025-11-24 19:43:27,1764013407.0935583,buy,limit,90532517
88377.0,0.00038701,2025-11-24 19:43:27,1764013407.1320908,buy,limit,90532518
88377.0,0.001,2025-11-24 19:43:27,1764013407.1320908,buy,limit,90532519
88377.3,0.0008,2025-11-24 19:43:27,1764013407.1320908,buy,limit,90532520
88378.2,0.0008,2025-11-24 19:43:27,1764013407.1320908,buy,limit,90532521
88379.1,0.0008,2025-11-24 19:43:27,1764013407.1320908,buy,limit,90532522
88380.1,0.0008,2025-11-24 19:43:27,1764013407.1320908,buy,limit,90532523
88381.0,0.00036854,2025-11-24 19:43:27,1764013407.1320908,buy,limit,90532524
88381.0,0.00043146,2025-11-24 19:43:30,1764013410.9119194,buy,limit,90532525
88382.0,0.0008,2025-11-24 19:43:30,1764013410.9119194,buy,limit,90532526
88383.0,0.00014501,2025-11-24 19:43:30,1764013410.9119194,buy,limit,90532527
88382.9,0.0002763,2025-11-24 19:43:34,1764013414.4659448,sell,limit,90532528
88383.0,0.00065499,2025-11-24 19:43:42,1764013422.3845341,buy,market,90532529
88383.0,0.00056571,2025-11-24 19:43:42,1764013422.3845341,buy,market,90532530
88383.9,0.0008,2025-11-24 19:43:42,1764013422.3845341,buy,market,90532531
88384.9,0.0007981,2025-11-24 19:43:42,1764013422.3845341,buy,market,90532532
88384.9,1.9e-06,2025-11-24 19:43:44,1764013424.231903,buy,market,90532533
88384.9,0.013531,2025-11-24 19:43:44,1764013424.231903,buy,market,90532534
88384.9,4.559e-05,2025-11-24 19:43:51,1764013431.5839455,buy,limit,90532535
88384.8,0.00023224,2025-11-24 19:43:53,1764013433.5115297,sell,limit,90532536
88384.9,0.09826935,2025-11-24 19:43:54,1764013434.8557594,buy,limit,90532537
88384.9,0.0005657,2025-11-24 19:43:54,1764013434.8557594,buy,limit,90532538
88384.9,0.00450766,2025-11-24 19:43:54,1764013434.8557594,buy,limit,90532539
88384.9,0.11311389,2025-11-24 19:43:54,1764013434.8557594,buy,limit,90532540
88385.2,0.25992038,2025-11-24 19:43:54,1764013434.8557594,buy,limit,90532541
88385.2,0.61455264,2025-11-24 19:43:54,1764013434.8567836,buy,limit,90532542
88385.2,0.01771355,2025-11-24 19:43:55,1764013435.0654633,buy,limit,90532543
88385.2,0.01771352,2025-11-24 19:43:55,1764013435.0710032,buy,limit,90532544
88384.8,0.001,2025-11-24 19:44:03,1764013443.7808337,sell,market,90532545
88384.8,0.00463445,2025-11-24 19:44:03,1764013443.7808337,sell,market,90532546
88384.8,0.00010319,2025-11-24 19:44:04,1764013444.8660023,sell,market,90532547
88384.8,0.01,2025-11-24 19:44:13,1764013453.9112074,sell,market,90532548
88384.9,9.976e-05,2025-11-24 19:44:16,1764013456.7383368,buy,market,90532549
88384.9,0.00055057,2025-11-24 19:44:17,1764013457.5666604,buy,limit,90532550
88384.9,0.00017958,2025-11-24 19:44:19,1764013459.2791836,buy,limit,90532551
88384.9,0.00017009,2025-11-24 19:44:23,1764013463.5773687,buy,limit,90532552
88384.9,0.0005657,2025-11-24 19:44:23,1764013463.577369,buy,limit,90532553
88385.8,0.0008,2025-11-24 19:44:23,1764013463.577369,buy,limit,90532554
88386.8,0.0008,2025-11-24 19:44:23,1764013463.577369,buy,limit,90532555
88387.7,0.0008,2025-11-24 19:44:23,1764013463.577369,buy,limit,90532556
88388.7,0.0008,2025-11-24 19:44:23,1764013463.577369,buy,limit,90532557
88389.7,0.0008,2025-11-24 19:44:23,1764013463.577369,buy,limit,90532558
88390.6,0.0008,2025-11-24 19:44:23,1764013463.577369,buy,limit,90532559
88391.6,0.0008,2025-11-24 19:44:23,1764013463.577369,buy,limit,90532560
88392.5,0.0008,2025-11-24 19:44:23,1764013463.577369,buy,limit,90532561
88393.5,0.0008,2025-11-24 19:44:23,1764013463.577369,buy,limit,90532562
88394.5,0.0008,2025-11-24 19:44:23,1764013463.577369,buy,limit,90532563
88395.4,0.0008,2025-11-24 19:44:23,1764013463.577369,buy,limit,90532564
88407.0,0.0393878,2025-11-24 19:44:23,1764013463.577369,buy,limit,90532565
88407.0,0.00949248,2025-11-24 19:44:23,1764013463.5790634,buy,limit,90532566
88407.0,0.00768032,2025-11-24 19:44:23,1764013463.780545,buy,limit,90532567
88407.0,0.01003009,2025-11-24 19:44:23,1764013463.780545,buy,limit,90532568
88407.0,0.01770962,2025-11-24 19:44:23,1764013463.7854202,buy,limit,90532569
88415.9,0.02562175,2025-11-24 19:44:32,1764013472.7425132,buy,limit,90532570
88426.5,0.03993178,2025-11-24 19:44:32,1764013472.7425132,buy,limit,90532571
88434.1,0.000262,2025-11-24 19:44:39,1764013479.2243247,buy,market,90532572
88434.1,2.717e-05,2025-11-24 19:44:40,1764013480.0503342,buy,limit,90532573
88434.1,0.00441425,2025-11-24 19:44:42,1764013482.2370913,buy,limit,90532574
88434.0,0.0001519,2025-11-24 19:44:42,1764013482.3671992,sell,limit,90532575
88434.1,0.01770552,2025-11-24 19:44:43,1764013483.5896914,buy,limit,90532576
88434.1,0.11012322,2025-11-24 19:44:48,1764013488.6746168,buy,limit,90532577
88434.1,0.00022616,2025-11-24 19:44:50,1764013490.298531,buy,market,90532578
88434.1,4.946e-05,2025-11-24 19:44:55,1764013495.0427747,buy,limit,90532579
88434.1,0.00116353,2025-11-24 19:45:01,1764013501.5025656,buy,market,90532580
88434.0,7.23e-06,2025-11-24 19:45:03,1764013503.4996564,sell,market,90532581
88434.1,0.00171621,2025-11-24 19:45:05,1764013505.8120022,buy,limit,90532582
88434.1,0.01599206,2025-11-24 19:45:05,1764013505.8120022,buy,limit,90532583
88434.1,0.01770621,2025-11-24 19:45:05,1764013505.81735,buy,limit,90532584
88434.1,0.00470223,2025-11-24 19:45:07,1764013507.2052636,buy,limit,90532585
88434.1,5.324e-05,2025-11-24 19:45:07,1764013507.21772,buy,limit,90532586
88434.1,0.00013104,2025-11-24 19:45:07,1764013507.218602,buy,limit,90532587
88434.1,0.00016794,2025-11-24 19:45:08,1764013508.9872572,buy,limit,90532588
88434.1,0.052888,2025-11-24 19:45:09,1764013509.6946547,buy,limit,90532589
88434.0,0.00084087,2025-11-24 19:45:11,1764013511.1754262,sell,limit,90532590
88434.0,2.181e-05,2025-11-24 19:45:11,1764013511.1754262,sell,limit,90532591
88434.1,0.0001,2025-11-24 19:45:14,1764013514.9278512,buy,market,90532592
88434.0,7.819e-05,2025-11-24 19:45:14,1764013514.949763,sell,limit,90532593
88434.0,0.03189381,2025-11-24 19:45:14,1764013514.949763,sell,limit,90532594
88434.1,5.557e-05,2025-11-24 19:45:15,1764013515.130416,buy,limit,90532595
88434.1,0.01934648,2025-11-24 19:45:19,1764013519.7402523,buy,limit,90532596
88434.1,0.001,2025-11-24 19:45:19,1764013519.7402523,buy,limit,90532597
88434.1,0.18443661,2025-11-24 19:45:19,1764013519.7402523,buy,limit,90532598
88434.1,0.05490789,2025-11-24 19:45:20,1764013520.2420807,buy,market,90532599
88434.2,0.0008,2025-11-24 19:45:23,1764013523.2199612,buy,market,90532600
88435.2,0.0008,2025-11-24 19:45:23,1764013523.2199612,buy,market,90532601
88436.2,0.0008,2025-11-24 19:45:23,1764013523.2199612,buy,market,90532602
88437.2,0.0008,2025-11-24 19:45:23,1764013523.2199612,buy,market,90532603
88438.2,0.0008,2025-11-24 19:45:23,1764013523.2199612,buy,market,90532604
88439.3,0.0008,2025-11-24 19:45:23,1764013523.2199614,buy,market,90532605
88440.3,0.0008,2025-11-24 19:45:23,1764013523.2199614,buy,market,90532606
88441.3,0.0008,2025-11-24 19:45:23,1764013523.2199614,buy,market,90532607
88442.3,0.0008,2025-11-24 19:45:23,1764013523.2199614,buy,market,90532608
88443.4,0.0008,2025-11-24 19:45:23,1764013523.2199614,buy,market,90532609
88444.4,0.0008,2025-11-24 19:45:23,1764013523.2199614,buy,market,90532610
88445.4,0.0008,2025-11-24 19:45:23,1764013523.2199614,buy,market,90532611
88446.1,0.02612205,2025-11-24 19:45:23,1764013523.2199614,buy,market,90532612
88444.2,0.00056531,2025-11-24 19:45:23,1764013523.243206,buy,limit,90532613
88444.3,0.0030324,2025-11-24 19:45:23,1764013523.2599251,buy,limit,90532614
88444.3,0.00056532,2025-11-24 19:45:29,1764013529.6336572,buy,limit,90532615
88444.3,0.00219076,2025-11-24 19:45:29,1764013529.6336572,buy,limit,90532616
88444.2,0.000707,2025-11-24 19:45:35,1764013535.088899,sell,limit,90532617
88444.2,0.00027133,2025-11-24 19:45:36,1764013536.9955654,sell,limit,90532618
88444.3,0.19480924,2025-11-24 19:45:41,1764013541.2900307,buy,limit,90532619
88444.3,0.00203916,2025-11-24 19:45:41,1764013541.2900307,buy,limit,90532620
88444.3,0.78841396,2025-11-24 19:45:41,1764013541.2900307,buy,limit,90532621
88444.2,2.167e-05,2025-11-24 19:45:49,1764013549.3064818,sell,market,90532622
88444.2,0.0001,2025-11-24 19:45:49,1764013549.3064818,sell,market,90532623
88444.2,0.00196432,2025-11-24 19:45:49,1764013549.3064818,sell,market,90532624
88444.2,0.01,2025-11-24 19:45:49,1764013549.3064818,sell,market,90532625
88444.2,7.553e-05,2025-11-24 19:46:00,1764013560.3602502,sell,limit,90532626
88444.3,0.00220079,2025-11-24 19:46:01,1764013561.883224,buy,limit,90532627
88444.2,0.00857596,2025-11-24 19:46:04,1764013564.05823,sell,limit,90532628
88444.2,0.0001,2025-11-24 19:46:04,1764013564.05823,sell,limit,90532629
88434.0,0.01633294,2025-11-24 19:46:04,1764013564.0582302,sell,limit,90532630
88434.0,0.00204061,2025-11-24 19:46:04,1764013564.0582302,sell,limit,90532631
88433.2,0.00076,2025-11-24 19:46:04,1764013564.0582302,sell,limit,90532632
88433.2,0.00679393,2025-11-24 19:46:04,1764013564.0582302,sell,limit,90532633
88432.1,0.00033032,2025-11-24 19:46:04,1764013564.0582302,sell,limit,90532634
88432.1,4.356e-05,2025-11-24 19:46:06,1764013566.1305516,sell,limit,90532635
88432.2,0.0009,2025-11-24 19:46:06,1764013566.1748533,buy,limit,90532636
88432.2,0.00022503,2025-11-24 19:46:06,1764013566.1748533,buy,limit,90532637
88432.2,0.10711751,2025-11-24 19:46:08,1764013568.1709552,buy,market,90532638
88432.1,0.00013903,2025-11-24 19:46:09,1764013569.1594677,sell,market,90532639
88432.1,5.326e-05,2025-11-24 19:46:09,1764013569.1594677,sell,market,90532640
88432.1,6.608e-05,2025-11-24 19:46:09,1764013569.1594677,sell,market,90532641
88432.1,6.396e-05,2025-11-24 19:46:09,1764013569.1594677,sell,market,90532642
88432.1,5.98e-05,2025-11-24 19:46:09,1764013569.1594677,sell,market,90532643
88432.1,3.99e-06,2025-11-24 19:46:09,1764013569.1594677,sell,market,90532644
